3300 5067
771 529 813 597 21

247 722 328 805 Igne
351 736 370 789 e
393 722 498 791 sacris
520 722 703 791 femoribus
726 728 861 809 exorto,
886 725 1004 793 Idmon
1026 725 1243 809 vaticinatur,
1266 726 1387 808 dequo

201 846 271 915 iam
294 845 452 913 diximus.
472 846 560 913 Tum
582 847 651 913 sole
669 847 739 913 iam
761 848 797 913 in
819 848 1027 915 occidentem
1050 852 1231 932 vergente,
1254 849 1331 930 alga
1349 852 1387 916 et

201 968 290 1037 foliis
311 986 413 1052 prope
434 986 559 1037 navem
583 970 704 1037 stratis
722 986 768 1037 ex
786 971 1386 1053 ordinediscumhunt.1ason,quam·

202 1096 306 1176 quem
339 1093 408 1161 dux
438 1093 580 1162 minime
601 1094 752 1161 incertus
774 1096 829 1161 est
851 1098 889 1162 01
910 1095 1049 1174 dubius,
1073 1112 1118 1161 an
1139 1096 1205 1163 iter
1225 1112 1293 1163 nou
1314 1112 1389 1179 per·

202 1217 309 1295 ficiat,
333 1216 496 1283 sollicitus
518 1221 634 1285 tamen
656 1217 765 1285 volvit
786 1220 900 1286 animo
917 1220 1030 1286 omnia
1052 1220 1198 1302 pericula
1222 1220 1327 1286 maris
1349 1225 1386 1287 et

201 1342 345 1410 marum.
370 1340 476 1423 Quem
499 1358 624 1424 magna
641 1358 723 1411 voce
743 1341 898 1426 obiurgat
915 1343 1008 1423 Idas,
1027 1343 1085 1425 qui
1097 1342 1217 1410 Bacchi
1228 1344 1328 1412 latice
1339 1344 1389 1411 in,

202 1466 400 1533 flammatus
410 1464 499 1533 Deos
511 1464 869 1535 offendereaususest
881 1468 979 1535 lason
991 1470 1034 1536 ah
1044 1484 1085 1535 00
1094 1468 1213 1535 irrisus
1222 1467 1388 1535 tutionem

202 1593 350 1661 Deorum
383 1592 544 1661 minatur.
574 1594 698 1661 Rixam
727 1592 965 1677 procedentem
987 1592 1068 1659 socii
1091 1589 1226 1675 placant
1248 1592 1388 1659 monitis

203 1724 241 1787 et
252 1718 402 1802 Orpheus
413 1718 575 1800 originem
585 1718 704 1785 mundi
714 1734 839 1785 canons
853 1716 895 1800 1).
912 1716 1024 1781 Prima
1034 1715 1108 1782 luce
1119 1714 1290 1797 splendido
1301 1714 1388 1799 sole,

202 1844 290 1910 mari
311 1846 419 1925 atque
436 1858 531 1908 sacra
553 1841 651 1907 navis
674 1843 769 1908 trabe
791 1856 916 1922 magno
937 1840 1080 1907 clamore
1097 1838 1335 1906 insonantibus
1346 1844 1390 1906 ut

203 1969 342 2046 abeant,
363 1966 487 2033 faustis
509 1964 678 2033 ominibus
701 1982 861 2032 ancoram
881 1962 1019 2029 solvunt
1041 1964 1230 2030 sos-525.

248 2090 421 2157 Valerium
432 2089 623 2155 adulatione
633 2087 670 2155 in
680 2089 866 2172 principem
877 2084 1024 2173 (5-21)‚
1031 2087 1228 2155 interventu
1239 2087 1386 2155 Deorum

204 2212 280 2298 (91,
305 2209 511 2299 113-120),
533 2212 666 2295 pictura
688 2212 830 2279 mirifica
851 2211 950 2279 navis
972 2212 1086 2293 Argus
1103 2212 1288 2295 descripta,
1311 2212 1389 2279 dolo

202 2336 333 2403 Iasonis
355 2334 577 2422 (led-183),
599 2336 753 2418 precibus
775 2334 888 2402 timidi
909 2337 946 2401 et
958 2334 1144 2402 dubitantis
1155 2335 1251 2401 ducis
1261 2333 1386 2419 (194-

205 2459 301 2545 204),
325 2459 473 2527 sinistris
495 2462 532 2525 01
550 2460 646 2542 vagis
657 2458 828 2526 vaticiniis
839 2456 1223 2543 (205-240)‚adventu
1234 2457 1388 2525 Chironis

204 2589 243 2652 01
275 2583 415 2651 Achillis
439 2581 640 2669 (255-270)
664 2584 715 2666 21,
739 2583 835 2649 ducis
857 2583 988 2650 somnio
1007 2582 1227 2668 (300-311),
1250 2583 1388 2649 omissis

203 2710 341 2793 deinde,
374 2724 461 2790 quae
493 2707 528 2773 in
561 2706 729 2790 Apollonii
762 2706 883 2773 Rhodii
905 2706 1054 2772 carmine
1076 2706 1160 2771 hene
1183 2722 1220 2772 se
1242 2705 1386 2789 habent,

204 2835 303 2916 longo
331 2833 481 2915 catalogo
508 2830 725 2915 interposito,
744 2831 833 2913 quod
855 2830 978 2898 vitium
1001 2832 1240 2914 gravissimum
1263 2830 1388 2913 proiec-

205 2958 334 3026 tionem
366 2956 476 3039 ipsam
509 2955 743 3038 interrumpit,
773 2958 1014 3038 argumentum
1045 2955 1148 3023 nimis
1169 2955 1329 3022 dilatasse
1349 2959 1390 3021 01

205 3082 294 3149 male
323 3098 396 3148 rem
422 3096 522 3147 suam
544 3079 655 3163 egisse
676 3077 839 3146 discum!
862 3078 1018 3146 Iasonem
1039 3078 1158 3147 deinde
1176 3078 1334 3146 timidum
1352 3082 1390 3145 01

205 3207 345 3273 dubium
377 3207 414 3271 01
447 3204 644 3287 plerumque
668 3202 756 3269 Deos
786 3203 941 3285 precihus
961 3203 1118 3287 fatigare,
1154 3204 1387 3289 cognovimus;

205 3348 291 3413 quae
322 3330 419 3413 plura
452 3331 493 3398 de
526 3346 566 3397 eo
595 3328 762 3411 proferam
791 3330 913 3396 neseio.

250 3456 302 3522 At
321 3456 518 3539 Apollonius
535 3456 655 3523 ducem
676 3454 882 3537 intrepidum
901 3471 1009 3537 neque
1020 3455 1233 3522 dubitantem
1244 3470 1389 3537 eumque

206 3580 373 3663 stipatum
394 3597 416 3646 a
437 3578 567 3647 civibus
590 3579 837 3655 maerentibus,
860 3594 977 3645 carum
993 3579 1163 3645 maximae
1181 3581 1266 3645 natu
1283 3593 1388 3645 sacer·

206 3704 294 3787 doti,
317 3722 338 3771 a
361 3708 488 3787 matre,
510 3702 565 3770 cui
586 3703 794 3770 educationis
816 3704 968 3786 praemia
977 3705 1073 3785 grato
1084 3703 1196 3769 animo
1214 3704 1251 3769 et
1261 3701 1390 3784 pietate

206 3828 416 3906 reddidisset,
439 3827 617 3912 defletum,
641 3827 888 3910 pulchritudine
910 3829 947 3893 et
967 3826 1389 3909 splendoredeosimilem,

206 3953 397 4019 ascendisse
414 3967 538 4018 navem
549 3952 706 4019 venustis
716 3951 872 4019 versibus
883 3952 1042 4017 narravit.
1054 3949 1233 4017 Praeterea
1243 3950 1389 4016 Alexan·

248 4110 278 4184 1)
307 4111 385 4180 Quod
413 4110 560 4169 admodum
590 4110 741 4185 Orphicum
771 4114 822 4170 est
853 4110 894 4170 Eo
924 4110 1003 4169 modo
1033 4110 1132 4185 incipit
1162 4111 1195 4169 de
1221 4110 1391 4185 Argonautis

205 4224 317 4271 carmen
337 4208 505 4285 Orphicum,
525 4207 598 4283 quod
618 4211 717 4267 exstat.

249 4302 281 4383 2)
299 4305 401 4365 Melius
420 4305 486 4366 fecit
505 4306 598 4381 Apoll.
621 4306 681 4365 554
702 4323 758 4381 seq.
