3300 5067
788 509 832 577 98

197 675 441 774 'Anacronteis
462 705 637 773 invenitur
651 706 692 790 1).
716 705 800 787 Quia
822 707 941 774 eutem
963 705 1090 773 amoris
1100 705 1236 774 initium
1246 707 1309 773 bac
1320 707 1401 774 ime-

217 830 297 918 gine
307 827 994 912 indicaverunbpoetee‚multisineroticis
1002 829 1402 913 poematibusuescrioere
1511 799 1514 808 ⁴

216 954 372 1020 solebant
393 956 531 1020 tantum
550 969 638 1037 quoe
655 956 754 1022 erent
771 956 923 1020 externo.
943 951 1015 1035 Quo
1024 953 1155 1020 fuctum
1165 957 1220 1022 est
1230 957 1270 1020 ut
1282 969 1402 1021 sensus

215 1076 667 1147 amentiumetsollicitetae
678 1078 831 1161 mentes,
857 1093 952 1144 umor
961 1076 1122 1160 gliscens,
1140 1077 1253 1144 omnia
1263 1079 1403 1158 queead

215 1202 373 1280 animum
402 1216 516 1270 amore
539 1201 733 1281 turbotum,
754 1201 965 1284 pertineant,
989 1217 1056 1267 non
1078 1205 1151 1270 tam
1174 1207 1404 1272 memorentur

214 1343 322 1408 quum
342 1323 410 1393 oris
433 1325 526 1402 livor,
542 1325 653 1392 crines
669 1326 780 1409 possi,
799 1325 911 1393 forms
930 1327 966 1395 et
984 1324 1196 1407 pulchritudo
1216 1323 1271 1408 2).η
1287 1325 1403 1397 'Palem

215 1455 336 1519 autem
365 1467 428 1516 nec
456 1449 657 1531 Apollonius
685 1449 840 1516 Medeam
865 1465 965 1519 suom
986 1424 1088 1517 iunxit
1109 1465 1217 1532 neque
1239 1448 1402 1518 Didonem

215 1573 394 1657 Vergilius
419 1572 528 1657 (cuius
557 1576 730 1640 auctorem
759 1573 794 1640 in
815 1572 899 1638 libro
922 1576 1042 1654 quarto
1063 1570 1276 1655 Apollonium
1298 1572 1403 1646 fuisse

216 1699 317 1766 docet
338 1697 486 1780 Mnhaffy
509 1714 585 1782 peg.
609 1694 700 1782 272).

264 1823 416 1890 Mentem
448 1821 589 1904 virginis
623 1822 778 1890 turbotoe
813 1823 850 1888 eb
884 1821 997 1889 oculos
1029 1837 1164 1904 semper
1190 1822 1226 1887 in
1248 1821 1400 1890 Iasonem

217 1947 494 2030 retorquentem,
513 1943 621 2012 emori
642 1944 797 2026 gliscenti
819 1945 1114 2028 succumbentem,
1133 1944 1243 2013 faceto
1261 1951 1296 2017 et
1308 1952 1403 2032 greio

218 2072 367 2140 veritate
388 2069 566 2152 descripsit
592 2069 780 2152 tec-299,

532 2191 671 2279 (Erotis)
693 2189 787 2270 βέλος
808 2191 989 2260 δ’ἒνεδαίετο
1010 2176 1095 2277 κούρη

377 2315 480 2400 νέρθεν
504 2315 562 2382 ύιτὸ
584 2315 708 2397 κραδίη,
731 2315 829 2396 Φλογί
853 2315 977 2384 είκελον·
999 2319 1092 2386 ύντία
1113 2319 1204 2386 δἀίιί

379 2442 499 2522 βάλλεν
522 2440 575 2506 ὑπ’
600 2440 759 2516 Αἰσονίδην
781 2441 1020 2524 ἀμαρύγματα,
1042 2443 1098 2510 καί
1118 2444 1143 2510 οἱ
1165 2442 1254 2520 ἄηντο

380 2566 515 2643 στηθέων
538 2567 572 2632 εἰι
596 2565 717 2631 τνκιναί
739 2565 874 2648 καμιίτςο
896 2567 1022 2649 opiner,
1045 2570 1076 2636 ού
1101 2569 1135 2636 δέ
1157 2571 1312 2646 τινόίλλην

377 2701 504 2769 μνῆστιν
526 2688 618 2772 ἔχεν,
641 2699 771 2772 γλυκερῇ
796 2690 830 2755 δὲ
853 2690 1018 2770 κατείβετο
1040 2690 1139 2772 θυμὸν
1161 2694 1236 2776 ανίη.

378 2816 417 2890 ὥς
438 2816 481 2890 δὲ,
495 2816 568 2894 γυνη
591 2815 715 2895 μαλερῷ
737 2837 806 2896 τερι
830 2813 957 2896 κιίρφεα
978 2815 1095 2898 χεύατο
1116 2818 1199 2900 δαλῷ

379 2948 536 3022 χερνῆτις,
560 2947 655 3020 τῇτερ
678 2938 837 3014 ταλασήια
861 2937 938 3020 ἔργα
960 2939 1116 3018 μέμηλεν,

380 3061 418 3136 oie
440 3087 491 3129 κεν
513 3061 679 3144 tropicon
701 3060 810 3143 νύκτωρ
833 3060 929 3135 σέλας
952 3061 1119 3137 ἐντύναιτο,

379 3187 495 3269 τιίνχιι
517 3184 754 3267 μιίλὲγρομὲνη·
776 3185 812 3250 τί
836 3184 1051 3270 δ’ύθέσφατον
1073 3185 1108 3266 ἐξ
1129 3189 1239 3268 ὀλίγοιο

264 3464 296 3544 1)
316 3466 358 3527 cf.
377 3465 508 3539 biabndy.
528 3463 576 3523 dr.
595 3463 646 3522 iiie
664 3463 721 3522 and
739 3461 859 3538 thought
879 3463 947 3523 255.

262 3573 294 3646 2)
314 3572 355 3634 Ut
383 3569 569 3634 catumeum
597 3569 739 3644 Apollonii
768 3569 942 3632 sdversarius
969 3571 1035 3631 fecit
1054 3571 1085 3632 iu
1103 3571 1222 3632 maxime
1240 3571 1407 3648 digressione
1532 3585 1534 3588 ·

219 3679 366 3752 mrminis,
391 3679 438 3740 cui
457 3694 557 3738 nomon
577 3679 657 3734 sirus
677 3676 843 3752 inscriptum
863 3680 924 3749 est,
945 3677 993 3736 ubi
1013 3676 1046 3738 de
1065 3695 1156 3738 amore
1176 3678 1288 3738 Acontii
1307 3683 1335 3740 et
1355 3680 1406 3754 Cy-

219 3788 319 3864 dippen
336 3787 404 3862 ugit
424 3787 510 3846 Gouot
528 3802 585 3861 pag
605 3783 673 3846 151.

263 3894 346 3969 Apud
364 3891 543 3968 Apollonium
560 3890 640 3950 nulle
659 3889 778 3964 vestigia
797 3889 863 3948 fulsi
883 3893 911 3950 et
927 3890 985 3950 ficti
1001 3890 1102 3949 umoris
1118 3891 1308 3963 inveniuntur,
1325 3911 1407 3968 quem

220 4001 343 4076 Mubniiy
362 4000 421 4060 239
442 3998 561 4059 dilucide
580 3997 739 4073 descripsit:
760 3996 929 4056 dishevelled
946 3996 1014 4068 heir,
1030 3996 1175 4058 bleolmess
1183 3998 1405 4075 undertbeeyes,

221 4107 377 4168 dirordered
395 4107 489 4178 dress,
509 4122 527 4164 o
546 4104 635 4164 desim
655 4104 699 4164 ior
718 4103 854 4175 solitudo,
873 4102 929 4162 ond
948 4103 995 4166 the
1013 4103 1091 4164 habit
1110 4104 1141 4164 oi
1153 4105 1264 4180 writing
1272 4105 1408 4182 thegirl's

221 4228 306 4272 name
324 4213 354 4272 in
372 4215 571 4286 overytree-
581 4213 742 4286 symptoms,
752 4207 1405 4286 ubicboreperbopsnowrogardedusuoturul,

220 4318 280 4380 ond
307 4318 396 4378 wbicb
423 4335 508 4392 many
526 4317 661 4378 romantio
679 4332 795 4393 persons
814 4316 886 4377 bovo
906 4332 941 4374 uo
961 4315 1047 4376 doubt
1066 4317 1191 4380 imitated
1209 4319 1323 4380 beeeuse
1341 4320 1405 4393 they
