3300 5067
892 488 937 555 62

325 687 494 751 armatam
527 682 670 749 iuvenes
699 688 798 751 scuta
829 684 968 751 ensibus
990 684 1166 767 pulsantes
1188 686 1225 753 in
1246 686 1329 753 dene
1350 688 1511 755 bonorem

325 807 470 881 nutant,
504 810 545 873 ut
578 822 637 887 per
670 812 785 874 aerem
819 811 1003 875 evanescat
1035 808 1161 876 clamor
1191 809 1378 890 infamius,
1409 828 1511 893 quem

326 929 507 997 etiammm
548 930 690 1014 populus
725 932 768 998 ad
809 932 990 1013 exsequias
1022 934 1112 1015 regis
1145 934 1327 1001 emittebat
1361 932 1406 1020 1).
1440 934 1511 1001 Dea

325 1054 457 1137 placata
489 1058 680 1123 monstrum
710 1056 880 1140 ostendit,
908 1056 997 1138 quod
1027 1072 1200 1125 summam
1227 1058 1369 1125 deorum
1391 1058 1510 1125 Matris

324 1181 531 1261 potestatem
552 1178 718 1245 illustrat:
741 1180 876 1246 arbores
897 1179 1029 1246 fructus
1049 1146 1189 1247 tundere
1207 1181 1512 1266 uberrimos,circa

324 1300 427 1383 pedes
459 1307 580 1385 sponte
615 1320 677 1369 sua
709 1302 808 1369 edere
836 1308 928 1369 terra
953 1304 1068 1380 fleres,
1092 1303 1183 1370 ferae
1205 1322 1339 1386 quoque
1360 1304 1511 1392 latibulis
1623 1283 1624 1356 ἶ

323 1425 448 1493 relictis
471 1426 680 1495 blandientes
698 1427 814 1494 caudis
828 1426 1005 1511 advenire,
1016 1444 1398 1509 aqua‚quanumquam
1408 1431 1511 1496 antea

322 1549 531 1619 redundabat
551 1549 777 1634 Dindymum‚
801 1550 894 1617 arido
915 1568 935 1617 e
957 1552 1085 1617 vertice
1105 1554 1247 1617 scatere.
1623 1633 1624 1638 Ἰ

355 1675 552 1757 Apollonius
562 1676 666 1759 igitur
677 1675 775 1742 laude
785 1674 1510 1759 dignissimusestquieaedemregiscyziei
1623 1713 1624 1716 =

321 1812 421 1864 casm
441 1802 480 1865 et
496 1797 578 1865 duro
596 1798 668 1865 fato
677 1798 844 1882 debitam,
856 1803 894 1866 et
904 1814 1053 1883 pugnum
1063 1802 1263 1865 nocturnam
1274 1799 1426 1866 breviter
1435 1800 1509 1881 qui·

321 1924 401 1989 dem
419 1923 478 1989 sed
497 1940 575 1990 eum
596 1924 742 2007 pondere
760 1924 955 2007 descripsit,
974 1923 1095 1989 deinde
1112 1922 1201 2005 quod
1211 1923 1430 2004 Argonautas
1440 1938 1508 1990 non

322 2047 433 2113 inutili
448 2048 542 2115 luctu
562 2062 657 2131 spem
680 2048 836 2115 amisisse
857 2047 916 2113 sed
937 2047 1086 2125 fortiter,
1108 2049 1148 2112 ut
1165 2047 1263 2112 decet
1278 2045 1505 2127 fortesviros,
1623 2043 1624 2106 f

321 2170 496 2253 ingentem
511 2171 657 2237 dolorem
672 2172 793 2238 unisse
804 2173 915 2239 finxit.
934 2170 1027 2252 Quod
1040 2170 1175 2253 Cybelle
1184 2169 1315 2236 cultum
1326 2170 1508 2237 saltatione

320 2299 529 2362 armatorum
558 2301 596 2361 et
625 2300 777 2375 ostento,
806 2296 905 2377 quale
926 2298 1049 2360 natura
1069 2294 1258 2361 exuberans
1280 2294 1381 2360 edere
1402 2294 1506 2378 solet,
1623 2365 1624 2368 Ἴ

321 2422 461 2485 auctum
483 2423 521 2486 et
542 2424 699 2486 umatum
720 2420 865 2487 inseruit
874 2419 1087 2502 Apollonius,
1107 2418 1229 2484 melius
1240 2434 1313 2483 rem
1325 2435 1426 2484 suam
1436 2418 1507 2500 egit

320 2558 424 2625 quam
453 2540 629 2625 Valerius,
652 2545 710 2624 qui
732 2558 794 2609 sua
815 2542 858 2608 de
878 2541 1033 2609 Manibus
1054 2547 1091 2609 et
1113 2541 1223 2607 Furiis
1243 2546 1327 2609 nota
1347 2543 1405 2609 vel
1428 2544 1507 2609 ficta

319 2668 592 2749 pbilosophorum
636 2667 816 2735 subtilibus
857 2670 893 2732 et
933 2665 1092 2748 implexis
1132 2665 1266 2747 placitis
1301 2667 1505 2733 obscuravit.

284 2793 467 2877 -Cybelen
508 2796 643 2876 autem,
688 2792 785 2859 cuius
827 2791 864 2855 iu
897 2790 1057 2873 cyzicum
1091 2790 1141 2856 ira
1174 2806 1276 2855 causa
1309 2790 1378 2857 suit
1411 2791 1505 2875 impii

319 2917 434 2999 proelii
467 2917 641 2999 nocturni,
675 2932 717 2982 ne
746 2932 814 2982 uno
848 2915 985 2996 quidem
1005 2916 1107 2980 verbo
1127 2918 1247 2996 postea
1267 2930 1505 2983 commemora·

320 3041 374 3107 vit
414 3040 587 3124 ValeriuS,
629 3056 835 3122 quamquam
874 3038 1054 3120 Apollonii,
1089 3054 1190 3119 quem
1223 3037 1378 3103 maxima
1409 3044 1506 3119 parte

320 3164 478 3231 imitatus
510 3169 582 3247 est,
617 3164 846 3246 Argonautica
879 3162 981 3228 buius
1010 3161 1093 3227 deae
1124 3165 1282 3227 naturam
1314 3164 1352 3226 et
1375 3162 1505 3228 cultum

319 3290 485 3373 copiosius
517 3288 706 3355 illustrandi
738 3287 947 3355 occasionem
981 3285 1013 3350 ei
1046 3284 1282 3367 praebuemnt.
1325 3285 1505 3353 Praeterea

318 3416 475 3495 lectores,
509 3414 607 3495 longa
641 3428 815 3479 caesorum
849 3411 937 3475 serie
965 3408 1150 3476 evolvenda
1178 3407 1301 3491 fatigat
1329 3408 1504 3489 Valerius,

318 3558 397 3607 cum
430 3538 628 3621 Apollonius
657 3537 794 3601 tantum
823 3533 1017 3615 955—957,
1048 3532 1504 3617 988,1070-1078,1139

187 3730 188 3733 ,
318 3665 372 3730 sui
383 3662 545 3747 temporis
555 3661 667 3729 studio
678 3676 786 3742 nugas
797 3657 983 3741 proferendi
993 3657 1176 3723 narrationi
1187 3657 1302 3739 spicae
1312 3655 1504 3725 inseruerit.

304 3804 492 3813 -—-—--——-

358 3864 388 3938 1)
408 3864 573 3939 Apollonius
593 3863 644 3921 hoo
664 3862 723 3921 looo
742 3861 900 3935 pyrricham
919 3877 969 3919 suo
989 3860 1068 3919 modo
1088 3860 1216 3934 explicat.
1237 3861 1273 3919 ci.
1285 3861 1408 3936 Mahetiy
1419 3862 1507 3925 Greek

315 3970 365 4029 life
391 3971 445 4029 and
463 3970 583 4047 thougt·
601 3969 633 4027 11
659 3984 724 4043 pag.
744 3966 813 4026 241.
840 3967 1038 4041 Mythologioal
1058 3966 1170 4037 storiee,
1190 3967 1366 4040 explanation
1387 3969 1418 4026 oi
1435 3970 1505 4027 local

315 4077 408 4151 myths
428 4076 483 4135 eud
501 4080 622 4135 customs
641 4090 711 4135 were
729 4074 777 4133 the
796 4074 872 4133 chief
889 4072 1009 4146 subjecte
1029 4072 1119 4131 aimed
1145 4076 1175 4131 at
1194 4073 1230 4146 by
1248 4072 1297 4131 the
1315 4073 1505 4133 Alexandrian

315 4185 403 4257 elegy.
435 4183 548 4242 Talibus
577 4181 655 4241 vitiis
686 4179 851 4255 Apollonius
879 4194 936 4237 nou
954 4179 1035 4238 valde
1053 4179 1159 4238 laborat
1178 4179 1209 4237 in
1227 4178 1357 4252 plurimis
1377 4181 1506 4255 partibus

316 4291 428 4367 optimis
448 4290 588 4349 carminis.
