3300 5067
730 516 772 583 25

155 714 310 791 tempore
322 711 520 783 memoriam
531 714 681 793 repetere
697 713 872 793 poterant,
890 708 998 776 maria
1014 707 1268 790 navigaverant
1291 708 1342 774 Ut

157 849 264 899 senex
276 834 586 916 temperiaiamdiu
596 832 854 917 praeteritique
864 831 1342 915 haesimnsetprimisineerto

158 956 246 1038 pede
268 956 438 1039 gressibus
449 958 567 1024 labens
578 958 626 1023 ire
637 961 780 1025 cenatus
792 960 847 1025 est
856 956 999 1024 nutricis
1009 972 1114 1023 manu
1125 957 1341 1038 sublevatus,
1450 936 1454 942 ⁵

155 1096 226 1146 non
238 1080 307 1147 iam
319 1081 514 1147 meminisse
525 1083 621 1147 aurat
632 1098 740 1163 neque
750 1083 875 1164 potest,
885 1081 936 1147 sia
947 1079 1246 1162 araeeisaprimrs
1257 1084 1342 1146 tem·

155 1205 293 1287 poribus
315 1206 458 1271 navibus
481 1206 559 1271 vehi
582 1205 690 1272 solitis
712 1206 842 1281 labores
860 1205 1058 1288 6111116166,
1069 1204 1272 1286 quosprimo
1283 1219 1343 1287 per

154 1344 251 1395 mure
272 1330 394 1396 itinere
418 1329 567 1413 perpessi
589 1332 702 1414 eraut,
727 1330 892 1398 oblivione
910 1329 1341 1398 ememortaexeesseraut.

202 1452 361 1521 Plurimis
394 1456 511 1521 autem
544 1454 626 1521 loeis
656 1453 812 1520 Valerius
842 1470 965 1536 magua
986 1454 1023 1520 vi
1044 1455 1080 1519 61
1102 1452 1342 1536 perspicuitate

153 1580 274 1642 monet
294 1576 387 1658 Argo
409 1576 513 1643 fuisse
535 1578 680 1658 primam
703 1593 827 1643 navam
855 1576 1074 1645 maritimam.

227 1702 256 1765 1.
291 1699 405 1767 Prima
427 1701 529 1770 deum
552 1702 684 1783 magnis
706 1701 861 1773 canimus
882 1700 971 1767 fretu
993 1700 1109 1783 pervia
1130 1700 1222 1768 natis

291 1824 529 1906 fatidicamque
552 1829 675 1893 ratem.

204 1949 257 2014 75.
292 1950 321 2015 si
356 1967 422 2031 qua
456 1950 566 2031 operis
598 1950 686 2016 tanti
723 1950 850 2016 domito
878 1961 1076 2030 uonsurgere
1106 1950 1209 2030 ponto

293 2073 385 2139 fama
407 2078 510 2155 queat
533 2071 707 2160 („p0nt0''
730 2090 797 2141 nen
820 2076 953 2155 spectat
975 2074 1018 2139 ad
1033 2077 1165 2139 eertum
1177 2072 1343 2141 maressa

292 2213 385 2263 mare
407 2196 520 2279 ipsum
542 2197 692 2265 nondum
714 2194 894 2284 apertum).

180 2318 256 2387 151.
291 2321 408 2388 hacine
439 2338 502 2392 nos
535 2323 668 2389 animae
701 2322 817 2389 faciles
840 2326 914 2389 rate
942 2322 1056 2394 nubila
1090 2323 1208 2388 eontra
1288 2335 1291 2339 ·

292 2444 485 2513 mittimur?
516 2450 580 2512 616.
614 2444 683 2532 (ubi
713 2462 806 2513 mure
837 2445 901 2512 sibi
921 2446 1021 2527 fingit
1041 2444 1140 2512 Iason
1161 2444 1343 2527 imperitus

293 2570 329 2633 61
352 2570 486 2635 nescius
508 2586 642 2651 semper
664 2570 849 2651 perniciem
867 2574 903 2636 et
914 2568 1092 2639 interitum
1104 2568 1243 2652 minari,
1256 2584 1344 2649 quae

291 2691 420 2759 Acasto
440 2695 578 2776 abrepto
601 2696 740 2775 possent
763 2712 783 2759 a
806 2710 845 2759 se
866 2693 996 2777 areeri).

177 2814 257 2881 169.
293 2816 430 2898 pelagus
454 2820 598 2899 quantos
620 2818 791 2899 aperimus
813 2817 848 2883 in
871 2815 975 2883 usus!

177 2940 258 3006 196.
291 2940 359 3006 seio
382 2958 437 3006 me
460 2942 592 3007 eunetis
615 2957 634 3007 e
658 2942 816 3023 gentibus
840 2957 947 3007 unum

214 3136 215 3139 Ἴ
290 3064 438 3131 inlicitas
456 3068 625 3147 temptare
648 3066 722 3131 vias
745 3065 956 3146 hiememque
979 3063 1110 3131 mereri.

173 3188 257 3257 211.
424 3191 549 3257 nostris
571 3190 669 3257 mode
690 3191 844 3257 concitus
872 3190 965 3255 ausis

291 3326 471 3392 aequoreos
494 3278 593 3381 uocat
616 3329 692 3379 aeae
716 3313 804 3379 Deos
827 3312 1006 3395 Neptunus
1029 3316 1066 3377 et
1087 3313 1208 3394 ingens

292 3436 478 3503 concitum.

171 3558 257 3629 245.
425 3559 508 3627 deus
531 3561 632 3636 haee,
655 3561 739 3627 deus
760 3561 872 3627 emine
894 3559 1029 3643 dextro,

293 3680 439 3764 imperat
460 3683 534 3764 ipse
557 3700 619 3752 suo
642 3684 748 3753 voluit
771 3684 972 3751 commercia
994 3684 1119 3749 mundo

261 3834 276 3905 Ἰ
292 3802 441 3887 Iuppiter
460 3810 496 3873 61
519 3809 635 3874 tantus
657 3809 832 3879 hominum
855 3808 996 3874 miseere
1017 3808 1157 3875 iabores.

171 3925 257 3995 498.
293 3928 424 3995 siderea
446 3934 528 3997 tunc
550 3947 626 3997 6166
648 3936 745 4013 pater
766 3932 990 4012 pulcherrima
1012 3930 1171 3997 Graium

291 4053 409 4132 coepta
431 4054 532 4119 tuens
554 4056 752 4135 tantamque
776 4054 885 4135 operis
908 4070 1107 4136 consurgere
1129 4054 1253 4120 molem

290 4173 449 4241 laetatur:
474 4177 573 4256 patrii
598 4194 705 4259 neque
728 4178 819 4243 enim
841 4178 960 4259 probat
982 4178 1051 4245 otia
1074 4179 1177 4260 regni.

152 4358 156 4365 .
293 4296 431 4372 61607,
456 4299 538 4381 702,
564 4299 687 4365 2:49.
