3300 5067
664 479 708 543 43

86 672 309 756 desperantes
333 673 522 740 Aithalides
545 675 586 739 ab
605 672 723 739 Iasone
742 672 885 737 nuntius
896 672 1024 738 missus
1039 674 1079 737 ut
1090 671 1274 753 hospitium

88 800 203 879 petat,
228 813 308 862 mox
330 796 488 877 affirmat,
501 800 538 863 et
548 796 703 862 contione
714 794 879 862 advocata
890 798 940 873 ut,
952 797 1116 877 quomodo
1127 796 1277 862 advenas

87 920 234 1003 recipere
264 921 414 1003 possint,
437 920 640 997 deliberent,
663 920 778 1001 regina
807 921 965 987 mulieres
989 921 1205 1003 adhortatur,
1236 924 1277 986 ut

88 1044 253 1127 pecudem
275 1048 312 1112 et
334 1044 543 1110 frumentum
565 1046 746 1126 praebeant
769 1062 877 1125 neque
897 1050 1013 1111 tamen
1025 1050 1148 1112 nautas
1158 1048 1276 1112 urbem

87 1172 216 1237 intrare
239 1170 371 1235 sinaut:
394 1169 579 1251 periculum
601 1168 692 1233 enim
715 1184 792 1234 esse
814 1186 858 1234 ne
882 1170 947 1235 illis
965 1171 1111 1253 hospitio
1128 1170 1275 1252 receptis

86 1298 125 1360 et
152 1293 277 1361 nefaria
299 1311 336 1360 re
358 1294 528 1376 patefacta
544 1292 640 1364 ‚fama
663 1309 780 1359 omues
802 1297 931 1375 urgeat.
954 1295 1005 1360 At
1027 1293 1217 1360 veneranda
1239 1297 1277 1359 et

87 1417 279 1500 mmdaeva
301 1417 456 1483 sacerdos
479 1416 605 1499 Polyxo
628 1420 744 1499 monet
772 1416 866 1482 cives
896 1434 994 1499 suas,
1019 1434 1105 1498 quae
1129 1418 1275 1482 minores

86 1542 161 1607 sint
194 1542 291 1618 natu,
325 1544 443 1623 postea
476 1541 671 1623 virginitate
704 1541 759 1606 vel
790 1541 956 1608 viduitate
987 1545 1150 1624 perpetua
1171 1541 1214 1605 ad
1237 1557 1274 1606 se

86 1665 314 1731 defendendas
334 1664 425 1746 prole
447 1667 599 1731 carentes
619 1665 771 1735 hostibus
792 1666 929 1730 etiami
952 1647 1120 1731 obiectum
1141 1665 1275 1730 iriznec

85 1790 182 1855 enim
203 1804 300 1871 agros
324 1805 385 1853 sua
407 1792 527 1870 sponte
546 1788 658 1869 fruges
676 1790 763 1855 ferre
783 1806 892 1870 neque
910 1793 1026 1855 tauros
1038 1790 1275 1856 uulloiubente

84 1916 202 1979 aratro
213 1913 322 1994 iungi:
335 1916 372 1977 at
380 1914 534 1994 seipsam
545 1912 615 1979 iam
626 1913 1097 1979 vetulam‘moxaiunioribus
1108 1914 1229 1980 honore
1241 1917 1278 1979 et

87 2036 259 2111 beneficiis
274 2037 409 2101 auctam
421 2036 598 2113 obituram,
612 2054 679 2103 non
690 2054 786 2103 suam
800 2038 860 2102 sed
872 2037 998 2103 civium
1010 2054 1148 2102 causam
1159 2054 1274 2118 agere:

86 2177 127 2226 se
139 2159 243 2241 igitur
253 2158 403 2234 suadere,
416 2162 455 2224 ut·
463 2157 669 2245 bonabmnia
677 2163 714 2226 et
724 2164 842 2227 urbem
855 2162 964 2243 ipsam
975 2162 1273 2227 adveniscommit·

86 2288 167 2350 tant
189 2299 291 2364 seque
314 2283 406 2348 omni
428 2283 564 2365 periculi
586 2284 707 2350 timore
730 2284 881 2351 liberent.
901 2285 1027 2368 ‚Magno
1050 2301 1215 2352 consensu
1239 2289 1275 2351 et
1357 2363 1360 2371 ι

83 2408 232 2473 clamore
254 2407 290 2472 iu
312 2408 385 2472 eius
396 2408 603 2473 senteutiam
615 2408 763 2475 decernit
775 2409 886 2475 contio
898 2410 1094 2489 mulierum,
1107 2426 1193 2490 quae
1209 2427 1275 2475 non

85 2532 188 2613 plane
209 2530 360 2596 virilibus
383 2530 505 2595 animis
528 2530 678 2597 imbutae
699 2533 771 2613 spei
793 2533 919 2598 amoris
942 2536 978 2598 et
999 2533 1155 2598 connubii
1166 2532 1275 2598 laetae

87 2656 282 2737 indulgenti
308 2654 485 2721 Mulierum
508 2654 683 2738 timorem,
703 2656 905 2737 prudentem
921 2656 1274 2737 seutentiamreginae

85 2778 229 2855 veritae,
252 2794 295 2843 ne
318 2780 352 2844 in
375 2777 519 2844 dedecus
542 2780 633 2844 cives
657 2796 738 2845 suae
761 2782 918 2862 veniant,
945 2779 1127 2861 Polyxenis
1144 2778 1227 2844 utile
1239 2783 1275 2844 et

86 2902 274 2985 iunioribus
297 2906 370 2968 tam
393 2904 528 2983 gratum
550 2902 724 2969 consilium
748 2904 947 2984 Apollonius
971 2919 1048 2969 vere
1072 2907 1107 2969 et
1130 2903 1274 2970 iucunde

86 3044 155 3093 non
180 3025 253 3091 sine
276 3025 386 3108 lepore
409 3026 553 3105 quodam
578 3028 736 3109 (gaudent
759 3028 851 3094 enim
869 3027 1274 3109 quodmaritivenerunt)

85 3148 266 3230 descripsit
289 3145 503 3233 (uba-701).
530 3150 562 3226 l)
589 3218 591 3225 ‚

131 3252 185 3338 At
224 3270 300 3337 vide
341 3287 406 3351 quo
440 3273 537 3338 modo
571 3272 726 3341 Valerius
761 3292 816 3341 res
851 3277 886 3341 in
920 3278 983 3342 hac
1016 3277 1125 3342 insula
1158 3281 1274 3359 gestas

87 3396 287 3463 narraverit.
340 3394 589 3463 Alexandrinus
641 3384 741 3480 poeta
794 3399 1002 3493 Vulcanum,
1057 3400 1135 3467 cui·
1164 3399 1274 3464 insula

127 3619 156 3689 1)
179 3618 214 3677 Cf
231 3617 350 3677 Schol.l
373 3639 380 3675 τ
403 3618 460 3676 773
482 3620 521 3671 ὅτι
540 3608 568 3671 δὲ
585 3620 713 3686 ἒμίγιοοοιν
731 3624 757 3673 οἱ
774 3627 946 3687 Ἀργοναῦται
963 3628 1022 3684 ταῖς
1038 3627 1163 3688 Λημνίαις
1172 3621 1279 3687 Ἠρόδο-

82 3713 122 3760 ρος
140 3698 240 3758 ἱστορεῖ
255 3693 279 3745 ἔν
297 3696 355 3752 τοῖς,
369 3693 563 3759 Ἀργοναύταις.

124 3766 204 3825 Haec
239 3766 423 3838 Apolloniaua
452 3765 585 3838 digressio
615 3768 726 3841 egregia
756 3768 950 3842 simplicitate,
990 3768 1100 3839 decore,
1130 3769 1276 3826 venustate

85 3864 116 3905 ec
136 3846 228 3919 magis
247 3844 384 3903 laudanda
404 3847 460 3913 est,
482 3845 505 3903 si
526 3846 698 3905 conferamus
719 3865 789 3920 quae
807 3848 907 3921 tragici
917 3851 946 3907 et
956 3848 1052 3907 comici
1062 3849 1208 3907 linxerunt.
1227 3848 1277 3905 In·

87 3924 190 3999 spicias
210 3925 313 3984 Athen.
335 3924 372 3983 10
393 3942 420 3999 p.
432 3924 506 3983 428:
527 3926 571 3978 καὶ
587 3930 631 3979 τὸν
646 3929 783 3993 Αἰσχύλον
800 3928 854 3994 lyd
871 3930 948 3994 Φαίνν
965 3929 995 3980 rb
1012 3928 1279 3993 τοῦτοδιαμαροάιοιν·

82 4007 182 4065 πρῶτος
197 4002 249 4065 γὰρ
266 3999 356 4059 ἐκεῖνος
371 4000 416 4051 rra?
432 3999 496 4064 οὐχ,
516 4000 548 4059 ὥς
564 4000 627 4051 ’ἔνιοί
640 4009 731 4064 φασιν,
759 4002 896 4068 Εὐριπίδης
912 4004 1050 4068 παρήγαγε
1067 4005 1112 4061 τὴν
1129 4009 1179 4053 τῶν
1199 4008 1279 4065 μεθο-

83 4067 246 4195 {otri-9233?
270 4068 306 4126 οἷς
331 4066 483 4131 τραγῳδίαν.
506 4065 530 4117 ἂν
556 4069 606 4132 γαρ
624 4072 679 4128 τοῖς
696 4072 830 4133 Καβείροις
846 4071 947 4133 alebam
966 4073 1027 4129 τοὺς
1044 4070 1099 4134 περὶ
1114 4071 1160 4120 τὸν
1176 4070 1279 4120 Ἰάσονα

127 4206 169 4268 Cf.
191 4206 282 4267 Schol.
301 4204 394 4277 Apoll.
414 4203 502 4263 thd.
524 4204 631 4263 1:773
662 4206 797 4272 Αἰσχύλος
813 4208 842 4259 δὲ
858 4209 883 4260 έν
900 4208 1039 4274 “Ferrum
1056 4207 1081 4259 ἔν
1098 4209 1185 4265 ὅπλοις
1201 4207 1278 4271 φησιν

85 4279 168 4341 αι’ντας
191 4278 355 4338 &ratbodone
376 4278 573 4345 χειμαζομένοις
589 4283 644 4339 τοῖς
662 4280 860 4347 Ἀργοναύτοις,
880 4278 1005 4346 μέχριςοῦ
1023 4283 1093 4348 ὅρκον
1108 4282 1204 4344 ’ίλοιβοι
1221 4278 1279 4342 παρ’
