3300 5067
839 465 882 532 88

267 677 332 726 usa
350 660 414 740 sit,
438 676 518 726 cum
540 659 657 726 Medea
679 660 787 743 primo
797 659 928 728 Iasonis
939 660 1017 727 visu
1030 660 1221 742 stupefacta
1231 677 1347 728 amoro
1360 677 1456 727 exar-

267 784 362 850 serit.
385 782 433 850 llo
454 784 585 850 accedit
607 783 694 865 quod
716 783 799 851 Iuno
822 783 993 866 colloquiis
1014 789 1051 852 et
1072 783 1114 851 de
1135 783 1246 851 reditu
1267 785 1398 852 Iasonis
1416 786 1456 851 in

267 906 413 989 patriam
443 906 608 973 monendo
631 906 831 989 gliscentem
855 906 994 990 virginis
1017 923 1168 975 amorem
1190 908 1292 975 nimis
1314 909 1458 976 adiuvat

268 1031 319 1096 ita
351 1032 391 1094 ut
423 1029 542 1097 Medea
573 1046 640 1096 non
673 1032 747 1097 tam
777 1031 880 1098 litero
912 1031 1050 1098 arbitrio
1079 1035 1116 1098 et
1137 1047 1200 1099 sua
1222 1037 1344 1116 sponte
1366 1033 1456 1100 Iaso

268 1153 324 1220 nis
345 1152 490 1220 salutem
512 1155 625 1235 curet,
647 1170 751 1235 quam
773 1153 837 1221 dea
855 1155 984 1238 virgine
1003 1156 1162 1224 ministra
1178 1157 1455 1223 etiustrumento

269 1276 455 1344 voluntatis
487 1276 531 1343 ad
559 1276 652 1344 dolos
679 1293 760 1345 snos
789 1280 825 1346 et
856 1277 1007 1348 fraudem
1038 1281 1298 1364 perpetrandam
1325 1284 1454 1348 utamr.

269 1401 457 1468 657-680.
959 1419 962 1426 ’
1412 1415 1415 1422 ·

312 1523 441 1592 Deinde
462 1526 633 1595 sublatam
655 1544 804 1594 sororem
825 1543 891 1594 non
916 1532 1034 1595 secuta
1056 1527 1154 1612 plane
1177 1530 1284 1597 amori
1303 1529 1456 1611 indulget

267 1652 303 1716 et
335 1650 399 1718 sibi
430 1649 565 1718 videtur
597 1651 722 1734 pulsari
750 1652 844 1720 saxis
868 1654 905 1720 ct
926 1652 1052 1732 hastis,
1076 1669 1162 1734 quae
1183 1653 1219 1719 iu
1241 1652 1454 1735 Aesoniden,

267 1774 394 1840 frustra
416 1777 553 1860 tamen,
576 1776 786 1843 coniciuntur
808 1773 1031 1864 (681-689),
1055 1775 1159 1844 donec
1180 1776 1302 1844 Perses
1325 1777 1455 1844 cladem

268 1913 406 1963 suorum
428 1902 465 1965 et
486 1903 584 1982 terga
605 1917 706 1967 versa
728 1900 820 1985 (726)
842 1900 962 1969 videns
984 1901 1078 1968 iubet
1097 1901 1223 1969 milites
1244 1917 1359 1985 pugna
1368 1900 1457 1968 desi·

268 2026 377 2106 storo,
410 2024 519 2090 multa
553 2029 696 2107 quastus
728 2041 767 2092 sc
796 2041 994 2110 superorum
1028 2025 1166 2092 monitis
1195 2025 1258 2092 hoo
1289 2025 1454 2108 proelium

268 2146 368 2212 inane
400 2148 585 2231 imperasse
618 2165 726 2232 neque
755 2148 882 2216 Graeca
903 2149 1029 2216 auxilia
1051 2165 1072 2214 a
1095 2165 1157 2216 saa
1181 2151 1277 2230 parte
1302 2149 1456 2216 stetisse.

270 2271 351 2340 Orat
374 2290 506 2356 quoque
527 2279 569 2341 ut
590 2275 705 2342 videat
726 2274 816 2342 diem
839 2276 920 2352 734,

767 2398 844 2482 „qui
865 2397 962 2465 sallat
984 2398 1133 2465 Achivos

379 2522 428 2589 sio
449 2523 607 2603 meriton,
630 2537 761 2604 quoque
784 2522 874 2588 huno
897 2520 1011 2588 videat
1030 2521 1160 2588 virtute
1180 2523 1363 2604 superbum

378 2647 582 2716 Aesonidem
605 2651 721 2713 tantos
742 2648 883 2713 flentem
906 2646 978 2714 sine
1001 2646 1126 2712 honore
1148 2644 1309 2713 labores.'’

311 2771 436 2840 Persen
458 2773 494 2839 iu
517 2771 663 2838 mediam
681 2787 832 2854 pugnam
850 2786 888 2836 se
900 2769 1131 2837 coniecturum
1142 2769 1275 2836 cohibet
1287 2769 1459 2855 Minerva,

268 2911 398 2962 memor
425 2897 515 2963 lovis
536 2897 621 2963 iussi
643 2911 790 2978 eumque
811 2890 952 2976 caligine
974 2897 1105 2960 tectum
1128 2898 1275 2961 amovet.
1299 2894 1347 2959 At
1371 2893 1462 2961 liber

268 3023 390 3086 sextus
412 3021 461 3086 sic
482 3023 700 3088 terminatur:

357 3143 433 3210 Non
455 3143 558 3210 simul
578 3144 753 3211 esciferas
775 3142 901 3227 profert
922 3141 1078 3224 optabilis
1100 3142 1255 3226 umbras3
1377 3177 1378 3180 π

357 3272 394 3335 et
416 3267 506 3334 cadit
527 3268 698 3349 extemplo
720 3267 797 3333 belli
820 3266 947 3348 fragor,
969 3281 1135 3348 aegraque
1159 3265 1265 3331 muris

356 3390 541 3473 digreditur
562 3391 698 3472 longum
720 3391 815 3472 virgo
836 3407 995 3473 perpessa
1017 3390 1191 3464 timorem,

357 3520 397 3584 ut
417 3516 489 3583 iera
512 3515 659 3598 Nyctelii
681 3515 819 3598 paulum
840 3531 901 3598 por
922 3529 1017 3580 sacra
1039 3514 1222 3589 resistunt,

357 3656 437 3708 mox
458 3656 600 3722 rapuere
621 3639 722 3706 deum
744 3640 814 3705 iam
836 3639 905 3706 iam
927 3639 964 3704 in
986 3637 1218 3720 quodcumque
1239 3637 1381 3719 paratae

356 3763 542 3848 Thyiades,
565 3765 650 3830 haut
670 3763 735 3831 alio
757 3766 887 3830 remeat
909 3763 1025 3830 Medea
1047 3761 1213 3840 tumultu,

357 3889 463 3970 adque
484 3890 574 3956 inter
597 3888 801 3970 Graiumque
822 3886 914 3953 acies
935 3887 1128 3968 patriasque
1150 3885 1335 3968 phalangas

357 4029 491 4096 semper
513 4012 695 4096 inexpletis
716 4011 890 4095 adgnoscit
912 4010 1032 4077 Iasona
1055 4010 1144 4076 curis

357 4154 516 4220 armaque
539 4139 660 4221 quique
683 4153 767 4203 cava
789 4137 945 4220 superest
967 4135 1018 4202 de·
1031 4133 1161 4200 casside
1182 4133 1328 4201 vultum.
1466 4157 1473 4184 κ
