3300 5067
822 533 891 600 110

264 725 406 794 suadere
438 723 593 813 conatur)
625 727 712 794 dixit
745 743 783 793 se
817 725 973 793 territam
1007 741 1084 792 esse
1114 725 1202 808 quod
1224 725 1307 792 nihil
1329 743 1455 794 curans

263 865 366 934 prope
396 849 488 916 viros
513 851 710 934 'peregrinos
739 851 920 918 accesserit
950 854 986 917 et
1008 851 1206 918 adhortatur
1228 847 1369 918 ancillas
1391 855 1452 936 ut,

264 989 343 1040 cunr
375 973 468 1040 nulla
496 991 613 1041 aarum
644 975 840 1051 mulierum,
875 991 961 1056 quae
991 975 1108 1041 eodem
1138 976 1287 1058 quotidie
1319 975 1454 1042 soleant

264 1097 449 1181 confluere,
482 1104 628 1166 ventura
649 1099 714 1182 sit,
737 1101 842 1165 cantu
864 1102 901 1165 et
921 1098 1257 1181 floribus-carpendis
1279 1099 1451 1181 gaudeant

265 1218 478 1306 (891-899).
512 1222 579 1288 Idas
612 1240 679 1290 non
711 1239 834 1305 pavere
869 1227 991 1288 notans
1025 1239 1141 1287 veram
1173 1240 1311 1289 causam
1340 1226 1452 1308 aperit

264 1345 374 1412 multa
395 1346 482 1412 dona
503 1347 547 1412 iis
566 1345 713 1429 pollicita
735 1347 880 1430 (Argum
903 1361 1035 1428 quoque
1057 1348 1094 1412 et
1116 1344 1315 1428 Chalciopen
1334 1363 1404 1414 ase
1416 1346 1453 1412 id

262 1469 418 1553 petiisse)
436 1476 474 1539 et
490 1472 592 1538 iussit
610 1488 671 1537 eas
688 1469 876 1552 discedere,
896 1487 975 1536 cum
986 1469 1084 1536 Iason
1096 1469 1250 1536 venisset
1260 1471 1452 1538 891-911.

308 1593 420 1675 Argos
448 1594 507 1676 qui
536 1595 605 1659 iam
628 1591 833 1678 (eae-827)
855 1593 941 1660 vidit
963 1592 1114 1659 Medeam
1136 1597 1292 1675 paratam
1315 1610 1392 1660 esse
1415 1594 1453 1662 in

263 1715 415 1784 Hecatae
436 1717 554 1785 fanum
577 1718 683 1796 abire,
712 1717 810 1784 duxit
832 1717 987 1784 Iasonem
1009 1718 1123 1784 robore
1146 1719 1182 1783 ot
1204 1717 1454 1800 pulchritudine

266 1840 476 1923 splendidum
487 1859 548 1926 per
557 1859 703 1924 campos
727 1843 866 1926 Mopsus
877 1844 994 1909 autem
1005 1842 1456 1925 Ampycideseossecutus‚

266 1964 404 2031 oonsilio
425 1965 577 2046 gennuae
599 1966 740 2032 cornicis
762 1966 851 2048 quod
873 1965 996 2048 legitur
1017 1966 1099 2031 932:

421 2089 576 2163 ,ἀκλειὴς
599 2087 662 2154 όδέ
685 2087 815 2165 μόντις,
839 2086 869 2161 ὃς
892 2086 1011 2152 οὐδ’όσα
1033 2088 1150 2161 παῖδες
1174 2087 1274 2153 ίσασιν

421 2205 485 2276 οἶδε
506 2211 559 2292 νόῳ
581 2211 805 2293 φροίσσασθαι,
829 2210 982 2276 ὁθούνεκεν
1004 2210 1071 2276 odel
1094 2234 1125 2274 τι
1148 2211 1236 2292 λαρόν

422 2336 483 2402 οἴετ’
508 2339 612 2418 ἐρατόν
632 2338 716 2420 κούρη
739 2363 790 2403 κεν
812 2337 885 2410 ἔπος
908 2334 1170 2418 προτιμυθήσαιτο

421 2459 530 2542 ἠιθέῳ,
553 2456 615 2527 εὖτ’
638 2461 676 2526 ύν
698 2466 773 2543 σφιν
795 2462 946 2537 ἐπήλυδες
969 2460 1058 2525 ἄλλοι
1081 2460 1221 2526 ἕπωνται.

422 2584 521 2666 ἔρροις,
544 2580 566 2650 ό
586 2585 767 2663 κακόμαντι,
789 2585 993 2666 κακοφραδές·
1018 2585 1083 2650 σύδέ
1108 2609 1142 2649 σε
1166 2583 1280 2666 Κύπρις

422 2709 456 2774 ού
474 2713 504 2776 τ’
528 2711 635 2788 όγανοί
658 2711 817 2794 φιλέοντες
840 2710 1039 2776 ἐπιπνείουσιν
1061 2712 1213 2792 Ἔρωτες,

265 2836 327 2902 hoc
359 2836 464 2918 igitur
495 2837 610 2905 audito
643 2838 798 2905 Iasonem
829 2838 1026 2905 adhortatur
1047 2840 1088 2902 ut
1111 2837 1203 2903 solus
1226 2835 1261 2903 in
1283 2836 1456 2919 templum

266 2961 367 3027 abeat
389 2959 603 3049 (ela-946).
1351 3025 1355 3032 .

233 3149 238 3156 .
312 3083 403 3165 Quae
426 3088 631 3167 sequuntur,
653 3087 775 3169 quibus
793 3087 928 3153 Medeae
947 3085 1456 3170 cupientisanxiaexspectatio

266 3208 484 3292 describitur,
507 3227 573 3275 non
595 3227 734 3292 possum
757 3211 837 3291 qrrin
861 3210 995 3276 laudem
1018 3211 1084 3276 948
1109 3227 1196 3292 seq.:

378 3333 409 3397 ού
433 3331 523 3414 δ’όίρα
545 3332 679 3409 Μηδείης
702 3330 802 3411 θυμός
823 3332 955 3412 τράπετ’
979 3329 1058 3397 ύλλο
1080 3340 1198 3408 νοῆσαι,

377 3457 576 3535 μελπομένης
600 3481 657 3538 περ
677 3455 766 3535 ὅμως·
791 3459 892 3521 παῖσαι
914 3455 948 3520 δέ
972 3456 1014 3529 οἱ,
1039 3453 1127 3530 ἥντιν’
1151 3453 1256 3537 σίθύροι

377 3583 517 3660 μολπήν,
542 3583 593 3647 ούκ
615 3583 667 3647 ε’πι
690 3582 771 3662 δηρόν
793 3581 958 3663 ἐφήνδανεν
980 3578 1168 3660 ἐφιοίασθαι.

378 3706 466 3772 ἀλλὰ
488 3709 741 3786 μεταλλήγεσκεν
764 3707 946 3786 ἀμήχανος,
969 3706 1000 3769 ού
1023 3704 1066 3769 δέ
1092 3706 1160 3768 ποτ’
1184 3701 1252 3768 όσσε

377 3831 566 3912 ἀμφιπόλων
588 3829 664 3909 μεθ’
688 3828 791 3910 όμιλον
817 3829 868 3910 ἔχ’
892 3828 1040 3909 ἀτρέμας·
1066 3829 1097 3901 ἐς
1119 3826 1152 3891 δὲ
1175 3823 1338 3899 κελεύθους

378 3956 488 4031 τηλόσε
510 3955 740 4027 παπταίνεσκε,
763 3953 992 4035 παρακλίνουσα
1014 3949 1153 4033 σαρειύς.

380 4076 399 4154 ἦ
420 4078 517 4160 θαμόι
540 4079 576 4169 δίη
598 4077 733 4154 στηθέων
755 4079 834 4158 εἰίγη
856 4078 946 4158 κέαρ,
969 4076 1085 4142 ὁππότε
1109 4076 1213 4141 δοῦπον

379 4204 397 4280 ἢ
420 4204 510 4279 ποδός
532 4204 550 4279 ἢ
572 4205 693 4283 σίνέμοιο
715 4201 958 4286 παραθρέξαντα
979 4199 1118 4266 δούσσαι.

371 4322 477 4411 ἀύτόορ
501 4326 547 4407 ὅγ’
572 4329 603 4394 ού
625 4351 710 4406 μετα
732 4326 816 4409 δηρόν
839 4325 1000 4408 ἕελδομίνη
1023 4321 1170 4407 ε’φαοίνθη
