3300 5067
848 503 912 568 100

290 697 410 764 Graeci
449 663 599 762 amorem
638 693 817 777 praeclaris
857 694 974 778 elegiis
1007 695 1245 772 laudaverant,
1278 697 1359 766 laeti
1391 716 1476 766 eum

290 819 480 888 inventutis
509 817 656 884 fructum
685 817 795 899 magis
824 793 1007 900 carpebant
1034 835 1138 900 quam
1167 820 1294 886 mentis
1316 823 1476 889 turbatae

291 942 532 1010 commotiones
552 940 779 1006 observandas
800 942 963 1010 curabant
984 945 1022 1008 et
1044 947 1476 1012 matronanrmauctoritas

291 1066 524 1148 virginumque
549 1065 697 1133 condicio
714 1068 750 1133 in
771 1066 926 1134 inferiore
947 1068 1018 1135 loco
1038 1067 1174 1135 fuerant
1206 1087 1310 1150 quam
1344 1074 1474 1154 tempo·

291 1191 384 1278 ribus
412 1189 652 1257 Alexandrinis
676 1189 719 1275 1).
752 1190 801 1258 Eo
830 1191 960 1258 accedit
987 1191 1075 1273 quod
1104 1191 1342 1260 Alexandrinis
1363 1195 1477 1276 poetis

292 1312 483 1396 exemplum
506 1315 543 1379 et
564 1331 681 1380 norma
701 1314 841 1381 iuemnt
862 1315 1001 1382 Hesiodi
1023 1311 1134 1379 ’111000
1156 1313 1299 1394 μεγάλαι
1320 1322 1358 1384 et
1378 1318 1475 1401 Lyde

292 1437 506 1518 Antimachi,
529 1438 1166 1522 quiaddelectandampuellam,quam
1176 1443 1323 1526 amabat,
1336 1442 1475 1525 longum

293 1563 443 1630 ordinem
475 1561 645 1642 virginum
673 1565 710 1627 et
739 1563 919 1630 mulierum
951 1579 1065 1630 amore
1087 1566 1209 1630 vatum
1231 1564 1476 1633 celebratarum

293 1687 561 1755 enumeraverat.
584 1685 656 1768 Quo
677 1687 833 1769 exemplo
856 1687 1016 1770 digressio
1038 1687 1080 1772 de
1097 1689 1288 1756 amantium
1307 1691 1406 1765 rebus
1417 1689 1475 1755 ad·

293 1811 405 1882 versis
425 1814 463 1877 et
484 1809 615 1895 gaudiis
634 1810 772 1878 exstitit
792 1814 829 1878 et
847 1810 994 1879 inlance
1005 1815 1123 1895 satyra
1132 1813 1264 1894 poesios
1275 1816 1327 1879 tot
1339 1813 1477 1896 mytho-

294 1935 410 2018 logicis
450 1933 550 2016 nugis
589 1933 745 2018 conditae
776 1934 944 2020 imprimis
976 1935 1142 2018 lectorum
1173 1935 1305 2002 animos
1339 1938 1477 2018 captare

292 2059 421 2140 coepit,
442 2059 483 2123 ut
503 2055 659 2123 videmus
679 2057 715 2123 in
737 2058 1018 2126 Hermisianactis
1035 2056 1071 2144 2)
1092 2060 1208 2141 elegiis
1229 2059 1273 2126 ad
1295 2059 1476 2127 Leontium

294 2199 395 2250 suam
414 2177 470 2268 (oi.
493 2195 641 2246 amorem
655 2179 822 2263 Leucippi
845 2186 881 2249 ct
901 2181 1064 2250 Arsinoes
1086 2182 1122 2249 in
1143 2180 1315 2250 Parthenii
1332 2183 1477 2250 liroticis

296 2311 333 2374 et
354 2304 462 2371 Ovidii
482 2306 621 2369 metam.
643 2303 846 2391 X1v2698,
868 2305 926 2386 qni
947 2305 1083 2372 nomina
1105 2303 1278 2393 mutavit),
1300 2307 1477 2374 inHerme

295 2427 551 2496 Erathosthenis
562 2428 714 2494 canentis
724 2444 874 2494 amorem
887 2427 1041 2514 Cypridis
1053 2433 1089 2496 et
1098 2431 1262 2512 Hermae,
1275 2429 1310 2497 in
1322 2431 1478 2498 eiusdem

296 2548 411 2629 nicta,
440 2552 499 2618 ubi
527 2551 662 2618 Acontii
689 2554 726 2618 et
755 2551 916 2635 cympprs
946 2571 1044 2620 casus
1073 2570 1141 2621 non
1167 2555 1240 2620 sine
1261 2555 1478 2622 affectatione

296 2675 450 2742 narravit
489 2672 544 2761 (cf.
561 2723 565 2727 -
580 2675 674 2744 Ouid.
708 2677 789 2744 Her.
822 2693 876 2758 ep.
910 2676 955 2742 20
987 2682 1023 2742 et
1058 2679 1099 2744 21
1134 2680 1170 2743 et
1202 2679 1476 2767 Aristainetum).

296 2817 376 2866 cum
408 2798 628 2866 Alexandrini
657 2800 739 2866 haec
768 2800 917 2866 carmina
947 2801 1196 2884 composuerint
1225 2803 1334 2884 magis
1356 2803 1478 2869 doctri·

297 2940 362 2989 nae
401 2923 577 2990 iactandae
609 2940 712 2990 causa
743 2940 847 3014 quam
881 2924 1009 2991 sincero
1042 2941 1156 2990 amore
1188 2925 1335 3004 incensi,
1368 2927 1403 2992 in
1437 2943 1479 2994 eo

298 3046 511 3112 describendo
539 3046 735 3129 plerumque
764 3047 855 3114 soliti
885 3051 967 3114 sunt
999 3049 1164 3115 celebrare
1186 3065 1357 3116 summam
1379 3050 1482 3116 casti-

293 3173 407 3236 tatem
437 3175 473 3234 et
498 3170 663 3252 virginem
684 3171 916 3253 integritatem
939 3167 974 3254 3)
995 3171 1162 3254 tempore,
1186 3188 1252 3253 quo
1274 3172 1481 3239 Ptolemaeo·

338 3444 367 3514 1)
394 3443 516 3516 Mahaliy
536 3440 585 3501 63.
611 3441 659 3515 diij
687 3440 784 3500 shetch
803 3442 834 3501 01
849 3443 896 3502 the
916 3443 1025 3518 princes
1044 3444 1100 3504 and
1119 3447 1211 3504 courts
1231 3445 1262 3505 01
1278 3445 1327 3507 the
1345 3445 1481 3506 Diadochi

296 3549 386 3609 would
414 3548 512 3608 indeed
541 3547 573 3606 be
603 3547 767 3622 incomplete
786 3547 811 3605 if
829 3547 845 3605 I
864 3548 911 3608 did
929 3552 979 3609 not
998 3549 1053 3608 add
1073 3551 1229 3626 something
1248 3553 1414 3627 concoming
1432 3554 1481 3612 the

296 3657 449 3730 primoecce
467 3656 527 3714 who
546 3655 612 3729 play
631 3670 661 3712 so
680 3654 836 3728 prominent
855 3659 954 3730 apert
973 3656 1003 3714 in
1022 3656 1070 3743 the
1089 3660 1169 3732 grem
1187 3659 1323 3732 struggle.

268 3834 270 3838 Ι
295 3821 297 3827 ,
320 3764 370 3834 ,2)
390 3763 431 3826 01.
453 3763 539 3823 donat
559 3761 615 3820 82:
635 3759 755 3820 l’oeuvre
774 3760 983 3821 d'Hermesianr
1002 3764 1150 3826 ressemhle
1169 3764 1202 3825 de
1221 3765 1354 3840 tres-pres
1373 3762 1390 3822 d
1407 3765 1480 3826 celui

297 3867 494 3951 d’hntimaqne
513 3868 551 3927 85
571 3871 600 3928 et
619 3867 668 3927 92.

338 3975 368 4043 3)
390 3950 571 4048 01110101)
591 3973 667 4034 2400
686 3973 745 4032 But
764 3973 883 4048 perhaps
902 3974 950 4033 the
969 3978 1071 4034 nonest
1091 3976 1122 4034 of
1138 3975 1178 4035 all
1194 3976 1242 4036 the
1252 3977 1372 4038 features
1382 3980 1413 4038 in
1422 3981 1481 4040 this

298 4078 459 4138 forerunner
487 4080 518 4139 of
544 4080 591 4142 the
611 4078 699 4141 Greek
717 4080 798 4140 novel
817 4097 874 4140 was
892 4081 940 4139 the
959 4081 1051 4155 virgin
1065 4081 1159 4156 purity
1175 4083 1207 4142 01
1219 4083 1269 4142 110
1282 4084 1405 4156 melden,
1426 4086 1481 4146 and

298 4185 346 4245 the
371 4183 539 4270 importance
558 4185 589 4244 01
604 4165 642 4244 its
661 4186 848 4262 preservation
862 4186 913 4272 till
932 4186 979 4246 the
999 4187 1091 4262 happy
1111 4188 1268 4247 conclusion
1288 4189 1318 4249 01
1334 4192 1481 4266 marriage.

339 4290 382 4350 Cf,
402 4291 476 4366 App.
497 4291 584 4350 Rhod.
606 4271 625 4350 3
647 4312 654 4350 :
675 4290 735 4352 660
755 4295 800 4344 τὸν
816 4292 846 4345 δέ
862 4312 902 4353 τις
917 4293 1001 4347 darn
1018 4299 1105 4362 μοῖρα,
1131 4297 1208 4362 πάρος
1231 4297 1387 4364 ταρπήμεναι
1404 4300 1483 4366 ἄμφω
