3300 5067
513 1329 670 1420 Apolloull
694 1330 806 1404 litodll
830 1331 911 1405 llbrr
932 1331 1063 1406 tertius

233 1545 413 1614 Rationem
424 1547 1378 1634 Valerianaminsuperioribusexposuiquaeadutrum·

190 1686 256 1753 que
277 1675 415 1754 poetam
437 1673 653 1741 iudicandum
675 1690 743 1741 non
762 1675 951 1743 omittenda
971 1675 1055 1743 milri
1074 1676 1149 1740 erat
1166 1675 1302 1757 putanti
1320 1693 1377 1744 me

190 1809 417 1878 supervacuas
432 1802 470 1863 et
484 1795 636 1880 ingratas
647 1813 703 1864 res
714 1814 848 1880 quoque
860 1799 1006 1881 proferre
1018 1799 1153 1880 debere,
1166 1814 1209 1864 ne
1220 1797 1278 1877 iis,
1290 1817 1377 1882 quae

190 1919 306 1985 minus
325 1920 465 2003 pulchra
476 1920 531 1987 vel
543 1923 624 2004 apta
635 1927 768 2006 essent,
781 1921 945 2004 neglectis
955 1923 1108 2005 iniquum
1120 1921 1280 1989 iudicium
1291 1924 1378 1990 ferre

187 2043 389 2112 videremur.
412 2045 461 2111 Ut
483 2045 553 2111 iam
576 2046 709 2123 monui,
732 2046 929 2129 Apollonius
952 2047 987 2112 in
1010 2045 1093 2113 libro
1114 2045 1130 2112 I
1150 2045 1376 2114 etHexoellit

188 2168 333 2252 simplici
355 2173 573 2252 argumento,
597 2170 704 2250 gratis
721 2173 759 2236 et
776 2170 919 2237 minutis
938 2169 1234 2254 descriptionibus,
1255 2170 1377 2252 digres-

188 2293 337 2360 sionibus
366 2293 533 2360 teretibus
561 2298 599 2360 et
627 2291 798 2372 rotundis,
830 2294 1021 2362 narratione
1044 2298 1081 2362 et
1102 2295 1249 2363 veritate
1272 2295 1376 2377 opica.

188 2415 233 2483 lit
261 2416 442 2484 admodum
472 2417 576 2484 miror
604 2417 693 2499 quod
720 2433 831 2498 neque
852 2417 960 2485 (louet
985 2416 1019 2501 1)
1040 2435 1150 2502 neque
1172 2419 1321 2502 Mahaffy
1343 2419 1375 2502 2)

189 2542 271 2608 haec
302 2541 467 2622 Apollonii
496 2544 620 2609 merita
650 2541 686 2608 in
708 2541 802 2608 libris
824 2542 989 2624 prioribus
1012 2543 1246 2610 laudaverunt.
1279 2542 1378 2609 Nunc

188 2669 305 2732 autem
334 2663 503 2749 agendum
532 2670 587 2732 est
616 2666 657 2732 de
688 2666 770 2733 libro
799 2665 920 2745 tertio,
951 2684 1017 2748 quo
1046 2669 1279 2750 praeclariores
1308 2684 1376 2736 nou

189 2790 317 2857 multae
339 2790 509 2872 epicorum
531 2789 720 2856 carminum
743 2793 860 2871 partes
882 2791 1066 2859 exsistunt.

232 2912 384 2979 Tertium
401 2911 523 2979 librum
542 2915 634 2979 reete
652 2913 771 2995 incipit
788 2912 988 2996 Apollonius
999 2913 1152 2982 sollemni
1164 2931 1220 2982 ore
1231 2915 1377 2983 Eratone

188 3037 346 3103 carminis
374 3036 532 3104 amatorii
562 3054 661 3104 musa
690 3038 859 3104 invocata.
893 3037 1018 3104 Narrat
1048 3038 1168 3106 deinde
1190 3039 1318 3106 Herem
1340 3044 1377 3106 et

186 3159 361 3227 Athenam
383 3161 624 3246 deliberantes,
646 3159 810 3243 quomodo
833 3162 1050 3244 Argonautas
1069 3177 1205 3229 servare
1226 3164 1374 3246 possint,

190 3284 294 3351 oculis
316 3286 351 3352 in
374 3285 444 3353 solo
466 3285 588 3353 defixis
608 3287 722 3352 omnia
739 3301 857 3352 secum
876 3289 1034 3367 reputare
1051 3287 1176 3353 animis
1193 3303 1377 3370 suspensas

188 3413 226 3476 et
258 3409 388 3477 Herem
420 3410 597 3478 consilium
630 3409 759 3492 cepisse
792 3409 937 3477 adeundi
970 3408 1150 3477 Venerem.
1188 3410 1242 3476 Ad
1273 3427 1376 3493 quam

189 3550 385 3616 progressae
412 3535 607 3618 repperiunt
636 3533 735 3600 deam
766 3534 944 3601 sedentem
966 3532 1057 3601 domi
1080 3535 1214 3600 tornato
1236 3534 1271 3599 in
1294 3532 1376 3600 solio

190 3670 235 3725 ex
264 3641 405 3726 adverso
426 3657 548 3725 forium
570 3660 607 3724 et
627 3672 743 3723 comas
764 3657 915 3724 humeris
937 3656 1097 3723 inmissos
1119 3670 1221 3722 aureo
1242 3656 1377 3738 pectine

190 3788 391 3850 comantem.
419 3781 500 3849 Illas
528 3798 608 3848 vero
639 3781 833 3864 conspicata
855 3781 896 3848 de
919 3779 1001 3848 solio
1024 3779 1141 3847 exsilit
1162 3781 1199 3847 et
1222 3781 1377 3864 impexos

230 4076 258 4146 l)
277 4075 320 4135 Ia
338 4073 435 4134 Potsie
453 4073 647 4137 Alexandrino.

228 4181 261 4255 2)
281 4180 369 4241 Greek
397 4179 449 4239 life
478 4180 533 4238 and
562 4180 675 4254 thougt,
705 4179 776 4239 from
805 4179 853 4238 the
873 4195 924 4252 ago
945 4179 976 4238 of
992 4179 1148 4239 Alexandro
1167 4181 1196 4240 to
1215 4181 1263 4240 tlre
1282 4195 1377 4239 roman

186 4291 328 4363 conquest.
