3300 5067
832 457 876 523 56

261 657 425 720 constare.
457 651 588 733 Ubique
618 656 734 719 autem
757 653 912 719 homines
934 652 1095 735 navigare
1117 656 1309 734 terramque
1330 653 1445 721 floren·

262 754 406 842 tissimis
427 775 566 841 urbibus
588 780 741 857 opertam
763 792 840 841 esse
858 776 931 859 ipse
949 776 1038 844 dixit
1055 775 1226 843 Valerius:
1245 793 1369 859 quaero
1383 777 1445 842 hoc

262 916 393 981 quoque
415 900 501 978 loco,
529 917 612 967 num
636 900 818 967 verisimile
842 901 890 967 sit
913 904 1005 983 Argo
1026 901 1134 967 luisse
1155 901 1302 984 primam
1324 917 1445 966 navem

262 1023 496 1091 maritimam?
535 1024 699 1093 Diodorus
733 1025 886 1107 quidem,
922 1041 1024 1107 quem
1056 1024 1213 1091 Valerius
1245 1025 1282 1090 in
1314 1024 1378 1089 hac
1408 1040 1444 1091 re

263 1148 419 1214 imitatus
442 1153 512 1233 est,
538 1148 681 1215 totidem
703 1150 816 1215 verbis
838 1148 1013 1215 affirmans
1034 1150 1190 1215 homines
1207 1151 1310 1215 antea
1319 1148 1446 1215 ratibus

263 1272 316 1338 uti
335 1272 438 1338 solere
457 1287 523 1338 non
544 1271 683 1338 offendit
704 1272 882 1351 lectorem,
905 1274 992 1354 quod
1015 1277 1069 1340 tot
1089 1272 1225 1340 urbium
1245 1269 1445 1357 (quaesunt

263 1396 412 1477 ingentis
442 1396 634 1463 commercii
667 1393 842 1481 indicium)
866 1396 1060 1463 nominibus
1082 1395 1220 1464 omissis
1243 1370 1389 1463 breviter
1409 1400 1446 1461 et

263 1519 460 1601 simpliciter
493 1520 535 1585 de
568 1519 776 1601 Argonautis
810 1518 957 1586 fabulam
988 1521 1157 1587 narravit:
1181 1536 1268 1601 quae
1290 1520 1376 1586 ratio
1397 1535 1446 1584 se-

262 1644 408 1710 cundum
430 1648 504 1709 tam
526 1644 647 1709 remoti
671 1644 708 1709 et
730 1642 823 1708 rudis
846 1644 1009 1725 temporis
1031 1642 1274 1726 proprietatem
1296 1645 1361 1707 est.

306 1768 357 1834 At
389 1765 586 1849 Apollonius
616 1764 681 1831 alio
707 1764 806 1831 modo
827 1781 901 1831 rem
924 1767 1095 1832 tractavit.
1119 1764 1247 1832 Statim
1270 1765 1363 1831 enim
1384 1781 1448 1831 nos

262 1891 361 1957 docet
386 1890 457 1972 regi
487 1890 693 1955 adulescenti
723 1904 827 1955 uxore
849 1904 958 1970 nuper
978 1889 1116 1956 domum
1137 1887 1240 1955 ducta
1261 1888 1448 1955 secundum

263 2014 434 2080 oraculum
456 2013 622 2094 quoddam
642 2013 991 2091 cavendumesse‚ne
1002 2029 1081 2078 cum
1092 2010 1275 2093 peregrinis
1285 2010 1449 2093 proelium

263 2137 465 2204 committat.
489 2136 648 2203 Diversae
670 2138 769 2203 navis
790 2140 957 2206 stationes
978 2140 1231 2224 (argumentum
1246 2138 1449 2220 enim‚quod

263 2278 449 2343 numquam
463 2261 659 2344 Apollonius
674 2261 892 2344 obliviscitur,
907 2264 961 2328 cst
971 2264 1037 2329 iter
1048 2260 1272 2348 maritimum)
1284 2262 1449 2344 quomodo

263 2388 388 2451 nautae
421 2389 555 2451 mutare
589 2384 736 2467 soleant,
760 2389 876 2451 narrat
898 2390 1007 2468 poeta
1032 2384 1082 2451 De
1104 2387 1177 2469 via,
1201 2385 1311 2467 qualis
1332 2386 1450 2452 futura

263 2510 326 2592 sit,
349 2510 535 2590 interrogat
557 2508 655 2575 Iason
675 2513 894 2591 montemque
912 2508 1119 2591 Dindymum
1129 2512 1449 2579 ascenditutlatius

262 2636 431 2727 regionem
464 2634 721 2715 circumspiciat.
753 2632 861 2715 Quam
890 2632 1057 2699 rationem
1087 2633 1253 2701 usitatam
1274 2637 1447 2709 omnibus,

264 2757 321 2837 qui
342 2756 378 2822 in
400 2757 516 2839 ignota
539 2757 645 2823 maria
667 2757 732 2823 iter
749 2757 919 2838 suscipere
936 2755 1081 2836 audent,
1094 2760 1450 2826 noncommemoravit

263 2879 434 2963 ValeriuS,
467 2897 673 2961 quamquam
705 2880 807 2946 finxit
833 2878 1048 2961 Argonautas
1075 2880 1202 2961 primos
1232 2899 1321 2949 nave
1351 2884 1449 2949 mari·

263 3002 350 3069 tima
384 3020 465 3068 usos
493 3006 586 3070 esset
625 3004 822 3085 Apollonius
849 3002 1050 3084 Gigantum,
1069 3004 1190 3084 gentis
1223 3006 1449 3073 ferocissimae

264 3127 300 3191 et
342 3126 377 3191 iu
419 3125 574 3193 ulteriore
607 3129 753 3209 regionis
786 3130 883 3208 parte
915 3125 1101 3191 habitantis
1134 3126 1317 3211 excidium,
1361 3128 1447 3211 quod

263 3248 419 3317 Valerius
442 3251 574 3335 omisit,
597 3253 759 3317 narravit.
782 3251 925 3317 Ratione
936 3249 1114 3332 temporis,
1127 3267 1193 3331 quo
1204 3252 1309 3316 maris
1320 3252 1448 3318 accolae

262 3376 362 3457 primi
384 3377 575 3441 mercatura
596 3377 633 3439 et
654 3375 746 3455 pacis
769 3374 900 3440 artibus
920 3372 1043 3439 eruditi
1063 3374 1134 3440 siut
1153 3391 1331 3456 moresque
1342 3376 1446 3458 leniti,

263 3500 378 3567 habita
406 3497 627 3579 intelligimus
658 3498 822 3578 proelium
852 3513 930 3562 cum
960 3494 1161 3579 Gigantibus
1191 3496 1321 3564 iactum
1343 3516 1448 3565 unum

263 3638 339 3687 esse
373 3639 392 3687 e
426 3621 561 3703 multis,
592 3619 680 3701 quod
709 3620 845 3702 Minyae
867 3618 1048 3700 navigandi
1070 3620 1182 3687 studio
1203 3622 1311 3688 maria
1332 3639 1447 3703 perva-

263 3749 384 3827 gantes
417 3745 491 3810 aliis
519 3745 554 3810 in
586 3744 686 3811 terris
718 3761 797 3810 cum
819 3743 957 3809 incultis
978 3744 1135 3825 gentibus
1157 3745 1388 3812 commiserint
1407 3746 1448 3811 ad

262 3868 355 3935 mam
388 3872 522 3950 praeter
555 3867 653 3934 litora
684 3866 902 3933 muniendam
932 3866 1099 3947 urbesque
1128 3866 1328 3933 condendas.
1359 3868 1448 3949 Quae

262 4008 318 4058 res
350 3991 476 4071 optime
508 3990 666 4056 convenit
698 3990 849 4069 fabulae,
882 4006 967 4070 quae
1001 3989 1042 4056 de
1065 3990 1202 4055 coloniis
1228 3989 1447 4071 aliquandoa

262 4114 386 4199 Minyis
408 4113 560 4179 deductis
582 4113 732 4179 nonnihil
754 4114 789 4179 in
812 4111 1010 4179 memoriam
1032 4118 1179 4179 revocat.
