3300 5067
758 535 822 602 123

189 733 319 800 itinera
349 735 557 798 mercaturae
588 730 701 797 studio
731 735 890 813 suscepta
913 747 934 795 a
957 732 1075 812 gente,
1106 745 1192 812 quae
1213 728 1381 796 historicis

191 857 405 939 temporibus
434 871 501 921 non
531 855 600 921 ianr
622 855 768 937 vigebat.
803 855 1014 937 Quamquam
1036 853 1141 937 igitur
1163 853 1381 936 Apolloniana

191 981 439 1063 Argonautica,
468 979 503 1045 in
527 979 645 1045 multis
667 981 768 1046 rebus
788 980 946 1045 inferiora
967 979 1049 1044 sunt
1071 977 1251 1044 Homerica
1272 976 1381 1058 poesi,

191 1103 286 1187 quod
307 1105 433 1170 attinet
454 1103 497 1168 ad
518 1105 758 1184 argumentum
781 1108 817 1170 et
840 1102 973 1169 virilem
992 1102 1144 1168 animum
1164 1100 1287 1166 heroici
1300 1105 1382 1167 tem·

191 1227 306 1312 poris,
339 1227 447 1293 multo
476 1228 585 1308 magis
615 1227 657 1292 iis
680 1227 794 1293 nocuit
815 1227 955 1293 infamia
977 1225 1225 1292 Alexandrinae
1247 1225 1382 1291 aetatis.

194 1350 273 1418 Non
295 1350 485 1433 negandum
507 1356 562 1418 est
584 1351 735 1418 doctrina
753 1351 850 1433 longe
870 1351 1033 1416 arcessita
1045 1353 1081 1417 et
1092 1349 1224 1415 minuta
1235 1348 1384 1414 laborare

193 1475 334 1558 saepius
354 1476 469 1556 poesin
493 1476 772 1558 Alexandrinam,
796 1492 882 1557 quae
906 1475 1035 1558 poetico
1056 1472 1167 1555 uigore
1187 1472 1382 1554 plerumque

193 1600 354 1665 caruerit.
390 1597 556 1675 Concedo,
592 1599 772 1666 dummodo
806 1614 849 1664 ne
880 1597 1093 1681 Apollonius
1128 1597 1185 1678 qui
1214 1612 1298 1662 usus
1328 1601 1383 1661 est

193 1725 295 1804 grata
316 1723 480 1799 veritate,
511 1722 656 1789 iucunda
679 1723 914 1805 simplicitate,
945 1721 1035 1787 nullo
1057 1720 1125 1786 iere
1147 1720 1300 1801 deorum,
1325 1719 1383 1801 qui

196 1862 265 1912 non
276 1847 346 1912 iam
357 1845 562 1923 colebantur,
575 1848 788 1923 interuentu,
801 1846 1062 1929 digressionibus
1074 1843 1227 1910 rotundis
1239 1846 1275 1910 et
1286 1861 1383 1925 argn-

197 1973 316 2036 mento
346 1970 410 2052 ipsi
439 1972 523 2036 bene
545 1971 815 2046 cohaerentibus,
853 1971 910 2052 qui
933 1969 1068 2036 excellit
1089 1985 1220 2050 quoque
1242 1971 1383 2034 naturae

194 2093 416 2160 amoenitatis
436 2096 472 2158 et
494 2093 666 2159 nascentis
687 2093 811 2160 amoris
834 2094 1071 2176 descriptione,
1092 2109 1193 2174 quam
1213 2095 1384 2157 novamet

198 2222 370 2284 recentem
393 2219 570 2284 materiam
582 2234 716 2284 summa
726 2217 937 2300 praestantia
949 2217 1103 2300 perfecit,
1126 2215 1384 2297 laudeetgloria

199 2339 324 2408 merita
346 2343 476 2408 careatl
498 2341 655 2408 Valerius
673 2340 812 2408 Flaccus
832 2346 948 2407 contra
966 2343 1126 2423 argentea
1138 2341 1252 2405 aetate
1264 2339 1384 2404 Roma-

198 2481 323 2532 narum
334 2464 523 2532 litterarum
535 2465 692 2548 vivebat,
716 2465 811 2530 cuius
823 2465 1012 2530 bonafama
1024 2464 1139 2530 eisine
1151 2461 1385 2543 dubioproiuit

196 2587 289 2670 apud
309 2588 417 2654 multa
427 2588 806 2671 ingeniacriticanostri
818 2589 1133 2670 quoquetemporis.
1155 2585 1205 2652 Ut
1216 2587 1384 2653 Homerus

197 2712 375 2794 Apollonio
394 2712 587 2795 exemplum
599 2713 678 2788 1111,
696 2712 745 2779 sic
755 2711 927 2795 Vergilius
939 2712 1072 2779 Valerio
1083 2711 1216 2794 llacco,
1237 2711 1295 2776 sed
1307 2727 1384 2775 cum

198 2834 399 2918 Apollonius
410 2837 451 2902 ab
463 2836 609 2902 Homero
620 2837 878 2919 descriptionem
891 2838 1019 2919 epicam
1031 2841 1066 2903 et
1077 2853 1195 2902 veram
1207 2837 1385 2902 mutuatus

198 2961 262 3039 111,
285 2957 442 3026 Valerius
464 2959 655 3041 Vergiliana
676 2961 768 3043 poesi
786 2961 855 3027 iam
876 2961 1057 3028 artificiosa
1068 2963 1103 3027 in
1114 2961 1211 3043 peius
1222 2959 1384 3026 mutanda

198 3083 359 3150 inductus
391 3086 446 3149 est
475 3087 516 3151 ut
545 3089 784 3166 argumentum
806 3085 848 3151 de
870 3086 963 3168 Argo
986 3087 1094 3166 prima
1116 3102 1220 3161 nave,
1255 3083 1342 3167 quod
1365 3101 1385 3150 a

196 3208 311 3275 fabula
344 3209 573 3290 Argonautica
604 3210 751 3277 alienum
774 3213 846 3288 est,
877 3215 914 3276 et
936 3211 1015 3276 deos
1041 3208 1183 3293 pristina
1206 3210 1386 3275 maiestate

184 3336 355 3408 ¹carentes
377 3349 436 3415 pro
459 3334 624 3416 Apollonii
648 3340 745 3417 grata
768 3335 985 3417 simplicitate
1005 3335 1152 3402 finxerit.
1176 3334 1259 3415 Quia
1270 3338 1385 3400 tamen

199 3454 340 3538 Vergilii
373 3459 562 3524 assectator
596 3457 679 3534 luit,
714 3462 844 3527 temere
874 3463 911 3525 et
933 3455 1006 3525 sine
1029 3475 1131 3525 causa
1152 3458 1260 3525 Flacci
1283 3457 1385 3540 gloria

197 3579 318 3647 crevit.
341 3579 464 3647 Primis
483 3582 574 3647 enim
594 3581 793 3649 Christianis
804 3585 1013 3666 temporibus
1024 3583 1193 3666 Vergilius
1204 3582 1386 3664 plurimum

200 3721 306 3770 manu
340 3709 496 3772 versatus
529 3710 584 3772 est
613 3706 726 3772 Latini
755 3708 922 3774 sermonis
949 3707 1096 3773 discendi
1118 3723 1219 3772 causa
1242 3710 1277 3772 et
1299 3705 1387 3788 quod

199 3829 247 3894 dii
284 3827 466 3910 Vergiliani
506 3829 650 3911 pristino
688 3829 801 3912 vigore
843 3835 880 3897 et
913 3831 1050 3913 propria·
1079 3835 1200 3896 natura
1234 3831 1387 3895 carentes

200 3951 317 4033 rigidis
346 3950 558 4033 dogmatibus
583 3952 783 4020 Christianis
806 3971 872 4021 non
897 3953 965 4020 iam
988 3953 1079 4020 noxii
1101 3958 1199 4020 erant
1223 3952 1265 4037 1).
1289 3953 1387 4019 Prae-

240 4234 270 4307 1)
292 4233 335 4292 Gi.
354 4233 384 4291 J.
404 4233 437 4292 L.
457 4233 543 4293 Sirius.
564 4234 706 4309 Vergilius
725 4235 769 4294 als
788 4235 921 4308 Dichter,
942 4235 1030 4310 Wijze
1049 4253 1084 4296 en
1106 4235 1270 4296 Toovenaar.
1292 4235 1388 4309 ngr.

197 4341 299 4414 Gymn.
320 4339 479 4414 Groningen
502 4339 708 4400 lara-1875.
