3300 5067
733 536 754 602 3

150 735 267 798 autem
303 732 512 800 exstiterunt
545 749 609 815 quo
642 750 709 799 non
744 732 813 797 iam
847 733 999 813 gentium
1039 732 1258 815 migrationes
1295 733 1331 798 in

151 856 290 924 Graecia
320 858 458 923 turbata
486 858 641 923 nationes
666 862 701 923 et
718 856 858 939 populos
875 860 978 921 antea
995 858 1171 939 potentes,
1196 856 1331 922 sedibus

149 980 316 1062 expellere
340 965 508 1056 solebant,
528 980 587 1045 sed
608 996 673 1061 quo
684 980 743 1045 lux
755 980 902 1045 recentis
913 980 1037 1060 quietis
1048 982 1085 1045 et
1094 980 1330 1061 prosperitatis

151 1109 270 1171 exorta
288 1108 324 1170 et
334 1104 468 1169 litterae
479 1119 546 1170 non
557 1104 607 1169 ita
619 1104 726 1170 multo
736 1106 815 1185 post
825 1103 1032 1184 vulgataeet
1039 1107 1160 1184 gentes
1172 1106 1208 1169 et
1218 1120 1334 1170 earum

151 1228 300 1293 carmina
309 1229 550 1310 permanerem
563 1244 698 1293 summa
709 1228 812 1309 gloria
822 1228 987 1294 sinebant.
1000 1228 1052 1293 Ne
1064 1227 1203 1294 Homeri
1212 1226 1335 1312 (uthcc

151 1350 288 1417 nomine
303 1348 395 1436 utar)
406 1350 555 1416 carmina
566 1350 675 1432 prima
686 1350 775 1416 facta
786 1366 863 1416 esse
874 1354 1044 1435 tempore,
1063 1351 1151 1433 quod
1162 1352 1288 1417 artium
1299 1356 1336 1419 et

150 1491 231 1541 mox
243 1474 414 1541 doctrinae
426 1474 626 1540 incunabula
637 1474 732 1552 vidit,
744 1475 937 1556 putaveris!
957 1474 1070 1541 Iliadis
1082 1476 1172 1540 enim
1183 1476 1332 1542 liberI:1

150 1598 406 1665 docetAchillen
414 1595 511 1669 πόδας
523 1595 596 1661 ὠκὺν
605 1598 789 1665 celeritatis
800 1599 930 1665 virtute
941 1597 1008 1665 iam
1017 1598 1242 1667 antelliadem
1254 1604 1335 1668 nota

151 1722 358 1789 celebratum
380 1723 485 1789 fuisse
509 1740 570 1789 nec
593 1724 706 1789 minus
728 1740 772 1788 ex
791 1722 941 1806 Odyssea
959 1723 1194 1807 cognovimus,
1214 1722 1337 1804 quihus

150 1846 355 1913 carminibus
376 1845 585 1915 Demodocus
607 1843 632 1909 3
654 1849 697 1914 44
720 1852 756 1915 et
778 1846 938 1914 Phemius
960 1868 983 1909 a
1008 1847 1089 1931 154,
1112 1846 1197 1929 337,
1216 1868 1232 1925 ρ
1251 1848 1334 1930 263,

151 1992 180 2049 χ
203 1970 265 2036 331
302 1972 461 2037 convivas
494 1970 659 2038 delectare
682 1972 772 2039 soliti
795 1972 883 2038 sint=
907 1972 1039 2037 Troiam
1061 1971 1182 2037 urbem
1200 1974 1335 2051 captam

151 2098 190 2161 et
206 2095 481 2176 Argonautarum
499 2096 565 2162 iter
576 2100 710 2163 mentes
722 2096 897 2161 hominum
908 2095 1060 2161 tenuisse
1072 2093 1107 2158 in
1119 2094 1271 2175 Odyssea
1281 2096 1337 2160 hic

152 2222 255 2299 atque
284 2219 351 2285 illic
379 2218 532 2300 legimus.
562 2218 720 2286 Nonnihil
746 2220 860 2285 tamen
895 2218 1072 2284 historicae
1105 2218 1263 2284 veritatis
1299 2218 1334 2283 in

151 2342 332 2409 Homerica
365 2345 455 2425 poesi
489 2345 582 2410 inest
614 2360 819 2425 quamquam
852 2342 942 2409 iacta
976 2342 1112 2425 saepius
1133 2342 1278 2423 repetita
1299 2344 1338 2405 et

152 2470 288 2534 mutata
320 2473 484 2549 auctaque
517 2469 664 2535 multum
686 2470 728 2535 ab
750 2468 876 2551 origine
906 2468 1064 2535 historica
1085 2468 1335 2535 aberravemnt.
1416 2529 1420 2538 .

153 2590 275 2657 Cultus
302 2593 418 2657 autem
441 2592 578 2659 deorum
608 2594 645 2658 et
671 2592 803 2675 religio,
836 2608 948 2657 mores
969 2596 1006 2657 et
1027 2592 1115 2658 ratio
1138 2590 1275 2657 vivendi
1296 2605 1337 2655 eo

153 2720 323 2798 tempore,
354 2733 419 2798 quo
447 2717 512 2782 duo
540 2718 634 2798 epica
664 2718 812 2782 carmina
841 2716 983 2783 formam
1009 2734 1107 2783 suam
1138 2716 1334 2788 induerunt,

155 2856 290 2905 summa
319 2840 465 2907 veritate
489 2840 655 2921 descripta
678 2842 768 2905 sunt.
791 2839 1002 2922 Quamquam
1025 2839 1105 2906 ilias
1127 2841 1163 2905 et
1185 2838 1336 2919 Odyssea

154 2979 177 3028 a
208 2962 326 3029 multis
359 2963 534 3045 rhapsodis
567 2962 602 3027 in
637 2963 778 3029 diversis
811 2963 912 3029 terris
945 2964 1105 3029 recitatae
1137 2966 1237 3044 sunt,
1271 2978 1337 3043 quo

154 3086 282 3153 factum
316 3089 372 3152 est
399 3090 439 3153 ut
466 3087 500 3153 in
534 3088 648 3168 partes
681 3086 858 3153 nonnullas
878 3088 923 3152 ab
943 3086 987 3152 iis
1009 3084 1138 3151 divisae
1159 3089 1195 3151 et
1216 3086 1336 3151 auctae

155 3209 298 3292 partim,
316 3210 442 3292 partim
461 3214 637 3277 truncatae
654 3212 822 3294 propriam
845 3215 1003 3277 naturam
1022 3213 1058 3275 et
1072 3209 1343 3293 perpetuitatem·

156 3335 342 3402 amissurae
364 3334 507 3419 fuerint,
539 3336 604 3401 nisi
634 3335 833 3401 Pisistratus
865 3352 923 3402 cas
953 3335 987 3400 in
1016 3351 1120 3401 unam
1150 3336 1276 3399 certam
1301 3336 1337 3398 et

156 3458 310 3525 stabilem
331 3458 475 3525 formam
497 3460 699 3541 redegisset,
723 3458 852 3525 mansit
873 3461 915 3526 ob
934 3458 1037 3525 huius
1054 3458 1191 3541 tyranni
1209 3458 1337 3539 sapien·

156 3586 226 3649 tem
266 3582 480 3663 prudentiam
517 3582 626 3665 prisca
658 3583 765 3649 forma
798 3584 885 3649 satis
918 3585 1049 3665 integra
1078 3584 1115 3647 et
1143 3582 1336 3647 immutata.

158 3706 250 3787 Quod
271 3708 519 3788 Argonauticee
541 3707 671 3773 fabulae
694 3710 773 3773 ante
795 3706 975 3773 Homerica
996 3708 1149 3787 tempora
1159 3705 1258 3771 fictae
1269 3722 1336 3771 non

157 3832 307 3913 contigit.
342 3830 426 3911 Quid
460 3834 576 3897 autem
605 3835 843 3913 argumentum
873 3831 974 3897 fuerit
1003 3846 1158 3895 enarrare
1193 3837 1228 3895 et
1250 3828 1338 3910 quod

143 3938 286 4023 'iactum
309 3956 568 4022 fundamentum
591 3957 664 4023 eius
686 3956 788 4023 fuerit
806 3970 970 4038 exponere
982 3970 1100 4034 operae
1111 3953 1260 4036 pretium
1271 3956 1336 4018 est.

203 4079 329 4158 Pelias,
359 4079 448 4145 filius
479 4078 626 4163 Neptuni
655 4084 692 4145 et
722 4079 881 4161 Tyronis,
910 4094 980 4144 una
1009 4093 1087 4141 cum
1109 4077 1212 4142 fratre
1234 4076 1337 4142 Nelec

161 4204 334 4285 expositus
372 4222 392 4269 a
432 4205 623 4285 pastoribus
663 4202 865 4269 Thessalicis
901 4205 956 4267 est
989 4201 1160 4268 educatus.
1196 4199 1338 4266 Orethec

162 4331 308 4404 mortue,
332 4327 389 4406 qui
411 4330 556 4393 matrem
577 4340 692 4392 eorum
716 4327 853 4392 domum
875 4325 1018 4391 duxerat
1040 4325 1274 4406 Aesonemque
1293 4341 1337 4389 ex
