3300 5067
874 462 918 527 42

347 654 396 721 Ut
409 672 511 737 quam
523 654 916 737 luculentissimeagam,
937 654 1061 737 primo,
1073 670 1160 735 quae
1170 653 1368 736 Apollonius
1378 670 1490 719 narra-

302 778 372 861 vit,
395 780 664 855 communicabo,
687 779 817 862 deinde,
841 795 928 860 quae
951 778 1108 844 Valerius
1118 778 1274 843 adiunxit
1286 778 1341 843 vel
1353 777 1486 852 omisit,

302 920 478 985 exponam.
502 903 655 969 Secundo
677 908 781 970 vento
802 908 840 969 et
860 902 959 968 celeri
981 918 1099 977 cursu,
1122 918 1185 967 neo
1208 901 1356 967 hiemem
1377 916 1488 981 neque

302 1029 447 1093 terrores
479 1028 607 1110 primae
640 1028 749 1094 noetis
782 1026 934 1109 perpessi
963 1025 1182 1107 Argonautae
1204 1026 1242 1090 et
1263 1026 1489 1107 praetervecti
1619 1105 1620 1126 ρ

302 1150 493 1217 Thessaliae
515 1150 793 1231 Macedoniaeque
816 1149 917 1215 litora
939 1146 1150 1233 (Apollonius
1171 1148 1289 1215 eodem
1313 1148 1490 1230 modoque

303 1272 457 1341 Valerius
476 1275 536 1341 sed
558 1275 694 1342 brevius
717 1274 866 1340 locorum
891 1273 1029 1339 nomina
1051 1276 1207 1340 recenset
1228 1273 1273 1338 I:
1296 1273 1489 1358 568-608)
1619 1271 1620 1276 ’

301 1416 424 1465 navem
446 1400 481 1465 in
504 1400 651 1466 insulam
669 1398 838 1465 Lemnum
860 1396 1044 1479 appellunt
1069 1394 1261 1463 Nefandum
1283 1398 1395 1463 scelus
1421 1414 1489 1463 non
1619 1387 1620 1398 ’

302 1524 411 1590 multo
443 1528 524 1589 ante
557 1520 721 1589 Lemniae
744 1522 903 1588 muheres
924 1538 1028 1587 ausae
1050 1526 1149 1587 erant
1170 1526 1323 1603 patrare:
1347 1521 1490 1588 ultimas

301 1649 393 1713 enim
415 1664 542 1730 poenas
565 1665 585 1711 a
607 1646 741 1713 maritis
763 1648 799 1711 et
821 1648 865 1712 ab
887 1646 1043 1712 omnihus
1054 1662 1153 1711 seous
1162 1645 1259 1711 virile
1270 1651 1491 1727 sumpserant

300 1771 350 1835 ira
371 1771 546 1849 incensae,
569 1770 656 1851 quod
678 1768 855 1835 Threissas
876 1769 1030 1851 captivas
1041 1770 1123 1845 sihi,
1135 1770 1296 1835 uxoribus
1306 1770 1487 1852 legitimiS,
1619 1791 1620 1812 ³

300 1894 549 1976 praetulissent.
586 1894 678 1974 Quod
711 1894 924 1960 arideorum
956 1894 1192 1959 interventum
1214 1895 1381 1975 pertinet,
1405 1894 1491 1959 nihil

301 2018 497 2100 Apollonius
519 2018 617 2086 docet
639 2019 705 2085 nisi
726 2018 896 2084 Venerem
917 2035 939 2083 a
961 2018 1159 2083 mulieribus
1180 2016 1330 2083 Lemniis
1348 2019 1490 2100 longum
1619 1981 1620 2074 }

299 2144 461 2225 temporis
495 2144 644 2226 spatium
675 2146 827 2224 spretam
852 2139 899 2227 1),
919 2141 1020 2207 iustis
1042 2141 1214 2207 sacrificiis
1237 2159 1303 2208 non
1327 2143 1488 2224 acceptis,
1619 2175 1620 2236 ρ

247 2324 250 2331 .
300 2266 410 2332 furore
443 2284 502 2332 eas
534 2267 763 2332 inflammasse
795 2269 836 2331 ut
867 2264 1070 2331 horrendum
1103 2264 1214 2330 scelus
1241 2271 1486 2347 perpetrarent.

300 2392 392 2473 Quae
432 2391 545 2456 omnia
586 2390 671 2455 satis
703 2389 939 2455 demonstrant
971 2405 1094 2455 uxores
1127 2390 1269 2455 maritos
1301 2407 1368 2456 non
1399 2392 1488 2456 satis

299 2517 408 2583 forma
429 2518 467 2580 et
488 2529 602 2579 amore
624 2514 803 2579 obstrictos
825 2530 847 2578 a
869 2529 907 2578 se
929 2513 1148 2579 abalienasse.
1184 2513 1393 2597 Hypsipyle,
1416 2515 1486 2580 filia

299 2640 462 2707 Thoantis
496 2639 586 2721 regis
620 2638 707 2703 elam
740 2639 782 2703 ah
812 2654 852 2703 ea
873 2636 1020 2718 servati,
1043 2638 1159 2718 regina
1180 2637 1288 2714 faeta,
1313 2638 1389 2703 illae
1413 2656 1488 2704 mu-

301 2766 401 2831 lieres
433 2764 476 2829 ad
514 2763 685 2829 Minervae
714 2778 815 2849 opere
844 2761 965 2827 minus-
979 2766 1080 2843 aptae
1104 2761 1164 2827 sed
1187 2762 1340 2829 virilibus
1362 2764 1488 2830 animis
1619 2763 1620 2782 ¹

300 2892 337 2953 et
370 2886 494 2952 studiis
528 2886 679 2953 imbutae
707 2885 802 2967 ipsae
831 2886 1058 2967 respublicas
1080 2902 1177 2967 agere
1199 2891 1236 2952 et
1256 2904 1355 2969 agros
1378 2890 1486 2955 oolere

301 3008 455 3075 solebant
477 3009 519 3092 2),
543 3009 647 3075 donee
664 3026 740 3090 eas,
763 3026 806 3073 ne
828 3009 973 3074 Thraces
993 3010 1314 3094 appropinquarent,
1337 3012 1484 3095 veritas,

300 3137 574 3216 Argonautarum
596 3134 765 3199 adventus
788 3149 922 3199 summo
943 3136 1070 3198 terrore
1081 3133 1204 3200 affecit.
1217 3133 1308 3215 (luas
1319 3136 1361 3201 de
1373 3136 1484 3202 salute

339 3348 367 3417 1)
389 3346 432 3405 Cf.
451 3346 554 3404 Versus
574 3344 633 3401 614
654 3345 711 3397 ἔτει
727 3350 808 3411 χόλος
823 3347 891 3405 αἶνος
904 3345 1004 3411 ’ότιζεν
1021 3345 1156 3411 Κύπριδος,
1173 3348 1263 3399 οὕνεκά
1279 3367 1322 3410 μιν
1341 3348 1492 3413 γοράιινέτῖ

293 3454 363 3520 δηρὸν
377 3454 496 3505 lterum.
519 3451 630 3510 Poetieo
649 3450 760 3524 ingenio
779 3450 915 3507 addamus
935 3466 1048 3507 oenum
1068 3449 1146 3508 illam
1166 3450 1310 3509 fastidium
1329 3456 1486 3511 moventem

297 3564 325 3617 et
343 3563 462 3618 taetram
481 3558 591 3617 silentio
611 3556 753 3631 praeteriit
772 3555 985 3614 Alexandrinus
1009 3556 1040 3614 oi
1056 3556 1145 3614 Sohol.
1166 3557 1197 3614 in
1215 3558 1272 3631 Ap.
1291 3558 1375 3616 Rhl
1396 3578 1405 3616 τ
1426 3558 1485 3617 615

293 3658 343 3710 τόν
360 3660 388 3710 te
405 3661 493 3711 hama
509 3658 688 3723 ἱστορούντων,
706 3657 746 3709 ὅτι
763 3660 834 3709 κατὰ
849 3661 931 3721 χόλον
946 3662 993 3716 τῆς
1008 3657 1197 3722 'Appellamus‘
1209 3641 1486 3724 λημνιέδοςδῦσοσριοι
1619 3633 1620 3660 ³

294 3751 421 3817 ἐγένοντο,
445 3756 572 3818 Μυρσίλος
598 3751 624 3803 ἐν
648 3750 736 3815 τρότρι
755 3754 892 3814 Λεσβιιιῦν
910 3748 1057 3815 διαφέρεται
1073 3753 1124 3801 καί
1135 3758 1199 3815 φησι
1217 3754 1263 3810 τῆν
1280 3752 1392 3811 Μήδειαν
1408 3771 1490 3816 τορο-

292 3848 422 3896 τλεόνσοιν
438 3845 481 3897 διὰ
497 3846 658 3911 ζηλοτυπίαν
675 3844 746 3909 ῥῖψαι
763 3844 799 3901 εἷς
815 3845 862 3902 τὴν
878 3847 979 3906 Λῆμνον
997 3844 1126 3907 φάρμακον
1143 3844 1186 3894 καὶ
1206 3844 1345 3907 δυσοσμίαν
1364 3846 1489 3909 γενέσθαι
1619 3799 1620 3840 3

294 3947 353 4003 τοῖς
368 3946 491 4008 γυναιξίν.
521 3942 704 4016 Apollodorus
723 3942 753 4000 in
773 3940 946 3999 Bibliotheca
967 3940 984 3998 1
1005 3957 1014 3995 ε
1036 3939 1055 3996 9
1076 3961 1084 3998 :
1106 3940 1143 3998 l'l
1163 3942 1278 4000 eandem
1298 3942 1486 4003 insulsitatem
1619 3969 1620 3972 ¹

315 4048 410 4107 roseit.

296 4065 315 4122 p
337 4153 369 4227 2)
399 4154 442 4213 cf.
461 4155 516 4227 Ap.
536 4154 624 4213 Rhoe
644 4152 819 4225 oar-631,
841 4169 912 4228 queo
932 4152 1031 4211 harum
1051 4153 1199 4213 mulierum
1218 4153 1329 4227 propria
1345 4157 1485 4215 nonreoto

296 4260 389 4319 omisit
408 4260 546 4319 Valerius.
