3300 5067
303 1378 336 1452 ὓ.
382 1377 500 1451 Valerii
524 1375 632 1453 Flacci
655 1377 897 1468 munatium
921 1379 998 1451 liter
1021 1377 1152 1452 Sextum

174 1594 532 1679 ldarsprimodubiuS,
556 1613 642 1680 quas
652 1597 760 1682 acies,
779 1614 865 1680 quae
877 1599 1318 1680 castrasequaturpugnam

127 1721 348 1807 praecipitat,
381 1723 440 1789 ubi
472 1721 603 1789 audivit
624 1721 764 1789 Persem
785 1723 914 1805 legatos
937 1721 1123 1790 missurum
1144 1735 1238 1806 esse,
1261 1721 1318 1802 qui

128 1845 349 1928 Argonautas
371 1863 454 1914 suae
475 1845 663 1914 voluntatis
684 1851 721 1914 et
742 1846 871 1914 duudis
893 1847 1030 1931 tyranni
1051 1847 1222 1914 moneant.

177 1968 342 2036 Versibus
364 1969 408 2036 33
432 1987 509 2062 seq:
1201 1965 1202 1968 ’

243 2092 333 2159 Hinc
354 2109 417 2176 age
439 2095 589 2178 Rhipaeo
611 2111 697 2177 quos
719 2095 845 2162 videris
868 2096 946 2162 orbe
968 2094 1114 2178 furores,

243 2214 342 2283 Musa
364 2233 481 2285 mone:
504 2223 633 2300 quanto
654 2217 830 2302 Scythiam
853 2219 1025 2286 molimine
1047 2218 1168 2285 Perses

244 2341 420 2419 condierit,
444 2343 520 2425 quis
541 2343 652 2410 fretus
674 2343 771 2426 equis
792 2360 853 2426 per
874 2343 961 2410 bella
981 2343 1140 2425 virisque.

132 2463 289 2533 Valerius
328 2468 454 2535 iterum
485 2468 634 2551 apennt,
669 2484 755 2549 quas
784 2483 840 2534 res
869 2465 1036 2550 imprimis
1066 2467 1201 2548 dignus,
1234 2479 1320 2550 quas

131 2595 286 2675 caneret,
306 2595 470 2658 censeret
493 2591 814 2666 Omniaarmcrum,
826 2591 1129 2669 vestimentorum,
1141 2589 1320 2657 vulnerum

132 2728 278 2793 genera,
298 2730 430 2796 pugnas
450 2719 488 2781 et
509 2713 629 2782 caedes
646 2715 797 2782 variatas
815 2712 1010 2798 descripsit,
1034 2713 1115 2780 dum
1134 2729 1318 2781 armamen-

133 2836 261 2902 tau'um
279 2837 412 2918 epicum
431 2838 630 2905 vacuefecit.
652 2837 752 2905 Liber
763 2844 885 2905 sextus
894 2838 1007 2921 polius
1018 2837 1184 2904 rhetorica
1195 2838 1319 2904 exerci·

134 2959 221 3026 tatio
244 2964 300 3026 est
311 2959 363 3027 ad
385 2961 550 3028 honenda
565 2956 659 3029 'bella
678 2961 846 3045 canenda,
864 2977 968 3042 quam
987 2959 1109 3043 dignus
1128 2960 1185 3042 qui
1197 2961 1319 3043 publici

132 3082 216 3150 iuris
245 3085 317 3152 liat.
350 3083 543 3154 Verisimile
566 3103 643 3153 esse
664 3085 749 3153 mihi
770 3085 922 3169 daleam,
946 3083 1121 3153 Valerium
1143 3085 1205 3152 hcc
1227 3102 1320 3168 proe-

133 3207 218 3275 lium
237 3209 418 3277 inseruisse
437 3213 478 3276 ut
487 3209 654 3294 posterior
663 3209 823 3278 carminis
834 3225 913 3294 pars
923 3208 1065 3276 Aeneidi
1078 3208 1198 3275 similis
1209 3211 1319 3295 esset,

133 3349 200 3413 qua
211 3331 382 3415 Vergilius
399 3333 486 3400 bella
503 3335 547 3401 ab
557 3334 675 3401 Aenea
686 3351 765 3401 cum
775 3333 902 3400 italicis
912 3332 1043 3416 populis
1054 3337 1169 3417 gesta,
1188 3330 1319 3400 cecinit.

176 3454 251 3523 Vae
285 3459 447 3544 tempori,
482 3458 570 3541 quod
600 3459 669 3525 tale
700 3457 969 3541 quidusdam,
1000 3473 1068 3525 ¹vae
1090 3461 1227 3541 poetae,
1262 3457 1319 3539 qui

132 3581 213 3648 talis
235 3581 340 3651 studii
361 3583 553 3666 aequalium
576 3599 715 3651 suorum
737 3583 851 3650 fautor
872 3598 948 3649 esse
971 3582 1095 3650 voluitl
1118 3579 1209 3647 Num
1227 3580 1320 3663 quid·

133 3721 236 3787 quam
265 3706 308 3773 ad
337 3707 439 3774 huius
461 3707 546 3791 epici
568 3707 729 3774 carminis
750 3711 989 3791 argumentum
1011 3708 1124 3790 ipsum
1146 3707 1320 3790 pertinet?

132 3828 169 3895 Si
199 3829 321 3897 Perses
343 3831 473 3898 Aeetae
495 3831 608 3914 copias
629 3835 667 3898 et
687 3832 905 3914 Argonautas
926 3831 1154 3915 profligasset,
1190 3829 1320 3898 Iasonis

133 3953 214 4021 socii
247 3957 308 4021 aut
341 3955 538 4039 interempti
571 3953 680 4022 vellus
712 3971 855 4023 aureum
887 3955 923 4022 in
957 3953 1133 4022 Graeciam
1163 3955 1320 4023 reducere

134 4091 199 4144 nou
222 4078 415 4160 pomiseent
432 4081 494 4145 aut
512 4077 633 4146 Perses
653 4095 715 4145 sua
726 4083 848 4162 sponte
859 4077 982 4146 cedens
993 4078 1166 4146 etdcnum
1177 4077 1320 4147 offerens

133 4213 284 4267 amorem
305 4199 443 4270 Medeae
462 4208 499 4271 et
516 4201 646 4270 Iasonis
657 4203 791 4272 irritum
802 4201 1010 4272 reddidisset.
1023 4203 1192 4270 Proelium
1202 4210 1319 4272 autem

133 4341 241 4407 aequo
262 4323 370 4391 Marte
392 4328 611 4394 commissum
633 4329 769 4413 longum
781 4330 817 4396 et
835 4329 954 4396 inutile
973 4327 1243 4396 additamentum
1254 4329 1318 4397 est.
