3300 5067
741 523 783 587 49

175 714 321 801 „primos
344 714 483 797 pelagus
502 732 642 797 magnos
660 716 695 781 in
717 732 799 781 usus
810 712 960 799 aperire'’
972 716 1085 783 docuit
1096 716 1235 783 Flaccus
1249 718 1278 783 12
1293 718 1355 783 169

169 837 309 919 qindem
337 839 396 905 sed
429 840 643 907 Lemniorum
680 857 759 923 „rex
788 841 910 923 puppis
933 842 1029 908 tenui
1051 844 1229 908 contexere
1250 858 1358 907 canna

170 979 281 1027 ausus
313 964 349 1028 et
382 963 518 1030 inducto
553 964 728 1031 defendere
761 960 876 1047 tergo‘’
900 964 1071 1047 proiectus
1093 969 1177 1032 orat.
1200 965 1356 1033 Valerius

170 1088 242 1153 iam
271 1086 379 1169 magis
409 1088 583 1169 magisque
616 1105 754 1170 pressus
789 1094 988 1170 argumento
1020 1089 1061 1155 de
1094 1090 1203 1172 primo
1236 1091 1359 1158 itinero¹

170 1228 296 1295 magna
331 1213 366 1276 et
400 1211 555 1278 omnibus
578 1213 789 1279 necessariis
805 1214 905 1279 rebus
928 1216 1047 1279 ornata
1069 1230 1157 1279 nave
1180 1220 1355 1299 suscepto,

170 1336 289 1402 callide
320 1338 356 1401 et
390 1340 505 1403 astute
539 1338 640 1403 huius
671 1336 734 1403 loci
763 1336 962 1404 difficaltate
991 1337 1116 1404 evasit!
1142 1339 1244 1421 Apud
1265 1339 1357 1405 Lati·

169 1476 256 1525 num
289 1459 408 1526 deinde
442 1460 601 1526 Lemniae
636 1458 716 1545 (non
752 1461 821 1527 iam
844 1461 1021 1545 mulieres,
1048 1463 1108 1529 sed
1129 1464 1194 1529 viri
1216 1462 1357 1547 feroces)
1402 1528 1406 1533 ,

170 1582 343 1664 pugnandi
365 1583 482 1649 ardore
504 1583 734 1649 inflammatae
755 1583 825 1649 iam
845 1600 939 1648 arma
958 1573 1134 1665 capiebant
1149 1586 1203 1668 „ni
1214 1585 1357 1653 Veneris

172 1722 295 1772 saevas
319 1706 477 1788 degisset
498 1706 657 1774 Mulciber
677 1706 776 1774 iras”.
796 1706 902 1774 Deest
924 1708 1059 1790 sapiens
1081 1708 1260 1791 Polyxenia
1282 1726 1357 1776 sen-

171 1833 300 1909 tentia,
336 1848 439 1913 quam
472 1832 561 1915 apud
595 1832 810 1914 Apollonium
840 1830 1001 1912 legimus:
1031 1849 1112 1898 nam
1142 1849 1227 1914 quae
1258 1833 1356 1909 dicit,

170 1956 255 2022 nihil
277 1960 332 2022 est
354 1956 420 2021 nisi
443 1956 643 2023 vaticinium
665 1956 764 2022 inane
787 1960 823 2021 et
845 1972 933 2021 vana
951 1955 1143 2023 coniectura
1170 1958 1356 2025 san-325.

172 2080 300 2146 Statim
328 2080 470 2146 iuvenca
498 2079 623 2146 Veneri
645 2082 795 2145 mactata
818 2075 980 2163 (primum
1003 2097 1128 2145 munus
1149 2085 1227 2163 post
1250 2083 1358 2148 multa

170 2202 317 2285 saecula)
341 2204 383 2269 ad
406 2202 488 2269 litus
511 2204 717 2270 conveniunt
739 2208 778 2269 ut
790 2202 1005 2283 Argonautas
1016 2204 1192 2285 accipiant.
1203 2204 1357 2271 Iasonem

172 2325 272 2407 quasi
312 2327 379 2392 iter
416 2326 598 2392 facientem
643 2329 683 2391 ut
728 2325 881 2391 animum
916 2326 1062 2393 delectet
1094 2344 1266 2410 novasque
1302 2347 1356 2395 res

171 2451 283 2527 visat,
306 2452 486 2527 miratum,
508 2466 674 2531 quaenam
697 2449 768 2516 sint
790 2449 958 2515 fumantia
980 2466 1081 2525 saxa,
1105 2450 1219 2518 docuit
1241 2452 1358 2534 regina

172 2589 319 2655 eumque
358 2590 436 2638 oum
466 2572 565 2639 sociis
596 2573 773 2654 magnifica
795 2590 898 2639 coena
919 2573 1036 2640 reficit.
1061 2574 1111 2638 At
1133 2575 1258 2640 iterum
1280 2575 1358 2641 vide

170 2696 299 2763 Valerii
331 2697 538 2780 imperitiam
570 2697 797 2763 incredibilem
832 2702 868 2763 et
897 2699 1029 2764 miram.
1052 2698 1139 2764 Cum
1161 2701 1214 2765 tot
1236 2716 1357 2765 versus

172 2821 423 2903 consumpserit
466 2820 605 2886 Flaccus
649 2820 691 2886 ad
735 2820 872 2887 caedem
917 2822 1067 2887 virorum
1107 2839 1128 2887 a
1163 2822 1358 2889 mulieribus

171 2946 301 3012 iactam
333 2946 571 3029 enarrandam,
602 2962 703 3027 quam
731 2946 929 3027 Apollonius
951 2950 1088 3013 tautum
1110 2948 1225 3028 paucis
1246 2946 1359 3013 verbis

172 3070 473 3152 commemoravit,
507 3085 550 3134 ne
583 3086 696 3135 rerum
719 3072 851 3135 statum
874 3071 908 3136 in
931 3071 994 3135 hac
1015 3070 1126 3136 insula
1147 3070 1357 3152 ignoremus,

172 3197 292 3259 tamen
325 3194 387 3259 hoo
417 3192 527 3259 scelus
549 3193 585 3258 in
608 3191 733 3259 Valerii
756 3195 903 3260 carmine
925 3193 1056 3261 nullum
1076 3194 1358 3275 impedimentum

173 3315 275 3383 affert
303 3319 339 3383 et
369 3316 525 3382 mulieres
546 3316 697 3383 criminis
719 3317 783 3383 sibi
806 3317 876 3383 iam
898 3335 940 3383 ne
966 3318 1117 3385 consciae
1139 3318 1275 3399 quidem
1296 3334 1359 3383 nec

172 3439 302 3506 famam
324 3440 454 3507 veritae
476 3439 569 3507 laute
591 3441 807 3523 Argonautas
835 3441 1014 3524 accipiunt.
1044 3442 1115 3509 Nec
1134 3442 1201 3509 ullo
1223 3447 1359 3525 stupore

173 3562 368 3629 afficiuntur
410 3568 535 3631 nautae
576 3566 664 3646 quod
706 3570 816 3632 totam
859 3566 1005 3634 insulam
1045 3567 1127 3633 viris
1168 3571 1205 3633 et
1244 3565 1358 3647 pueris

174 3686 355 3770 spoliatam
376 3687 503 3753 vident.
524 3688 644 3755 Omnia
665 3690 817 3773 denique,
831 3692 961 3773 quaein
973 3691 1147 3774 Apollonio
1158 3689 1200 3755 de
1211 3689 1358 3755 moribus

174 3814 214 3875 et
236 3811 340 3877 animi
361 3812 510 3878 motibus
533 3814 703 3895 ruginum
725 3817 761 3880 et
783 3816 963 3882 mulierum
987 3815 1141 3881 connubii
1151 3814 1359 3897 cupientium

174 3951 300 4016 magno
333 3952 411 4001 cum
445 3935 556 4018 lepore
590 3938 755 4003 enarratis
789 3938 941 4013 laudavi,
976 3939 1011 4005 in
1040 3939 1161 4004 Latino
1184 3952 1282 4019 opere
1303 3936 1359 4004 ad·

174 4057 315 4123 modum
336 4058 495 4126 desidero.
518 4058 557 4125 In
576 4059 717 4142 Vergilii
728 4061 882 4143 vestigiis
894 4062 1036 4127 haerens
1046 4064 1233 4127 assectator
1244 4063 1359 4128 noster

175 4178 311 4261 semper
345 4183 460 4249 eodem
493 4183 592 4249 modo
628 4183 701 4249 sine
735 4184 803 4250 ulla
836 4186 1022 4251 variatione
1050 4200 1189 4251 coenam
1210 4184 1360 4265 depingit

175 4303 310 4369 ratione
331 4321 463 4371 morum
484 4308 520 4371 et
542 4307 705 4389 temporis
729 4324 916 4389 numquam
938 4308 1062 4374 habita.
1085 4307 1134 4373 Ut
1156 4308 1191 4373 in
1210 4307 1358 4378 Aeneide

1293 4416 1313 4478 4
