3300 5067
723 520 766 587 29

150 714 300 799 (Valerio
345 713 493 797 auctore)
527 712 612 780 fines
645 715 872 781 humanitatis
907 714 1047 781 dilatare
1079 714 1172 779 ausis
1203 712 1338 780 officiat.

152 840 244 907 Juno
265 838 480 921 Argonautas
502 843 640 906 tantum
662 839 819 921 adiuvat,
846 838 935 920 quod
956 838 1056 904 Iason
1072 853 1195 943 magna
1211 840 1341 919 tempe-

154 968 249 1031 state
281 967 399 1030 exorta
432 980 508 1029 eam
541 980 601 1043 per
623 963 750 1030 flumen
773 962 939 1045 Enipeum
963 962 1068 1028 latam
1089 962 1224 1027 intuto
1245 961 1341 1041 depo

153 1091 282 1155 suerat.
312 1087 476 1154 Iunonem
505 1091 621 1155 autem
647 1088 839 1155 Pronubam
862 1088 1070 1170 Argonautis
1090 1086 1233 1169 favisse,
1253 1086 1343 1167 quod

154 1214 227 1280 iam
248 1211 356 1278 multo
377 1215 457 1278 ante
480 1215 593 1294 spreta
615 1213 708 1278 esset
723 1214 765 1279 ab
777 1212 858 1278 Inoa
869 1210 1014 1286 familia,
1030 1214 1067 1276 et
1079 1209 1216 1276 heredes
1226 1208 1342 1275 Phrixi

156 1336 275 1417 dignos
297 1350 389 1417 esse,
413 1334 471 1416 qui
494 1334 633 1402 deorum
654 1336 788 1417 reginae
810 1351 872 1417 ope
891 1334 1015 1401 vellere
1025 1350 1126 1401 aureo
1136 1333 1342 1417 potirentur,

156 1457 313 1533 Valerius
335 1474 401 1523 non
424 1458 594 1539 cogitavit.
618 1459 668 1525 At
689 1458 805 1525 Mars?
827 1475 911 1525 num
932 1474 1034 1525 aurea
1043 1458 1100 1524 illa
1113 1457 1235 1539 praeda
1246 1435 1345 1524 tanta

155 1585 241 1661 emt,
252 1597 355 1663 quam
366 1582 449 1649 deus
461 1582 659 1649 mortalibus
670 1582 1024 1649 invideretividesne
1034 1583 1119 1665 iam,
1133 1598 1235 1663 quam
1246 1582 1345 1647 oadu-

155 1724 238 1773 oum
259 1706 306 1773 sit
328 1706 509 1789 palatium,
533 1707 620 1789 quod
642 1706 798 1773 Valerius
820 1706 980 1773 inanibus
998 1706 1137 1771 sedlate
1148 1687 1345 1772 sonantibus

156 1831 283 1898 iotibus
294 1830 359 1897 sibi
370 1830 604 1896 exstruxerit?
618 1830 657 1895 In
668 1830 870 1897 Promethea
880 1829 992 1896 fabula
1002 1830 1136 1896 inerant
1145 1832 1345 1911 argumenta

158 1953 354 2037 gravissimi
386 1952 558 2036 ponderis,
592 1954 708 2020 utrum
737 1954 833 2035 igne,
856 1970 991 2020 summo
1012 1953 1067 2020 illo
1088 1954 1174 2020 bono
1195 1958 1232 2019 et
1254 1954 1345 2020 vitae

154 2079 268 2161 ,ipsius
289 2076 527 2160 fundamento,
551 2094 570 2143 e
592 2076 682 2169 coelo
705 2077 848 2143 deducto
869 2079 905 2143 et
923 2077 1062 2158 imperio
1080 2078 1347 2143 orbisterramm

160 2218 285 2284 magna
307 2218 325 2266 e
347 2203 444 2283 parte
467 2200 532 2267 diis
554 2200 637 2283 ipsis
667 2204 799 2283 erepto,
822 2200 939 2267 lioeret
961 2202 1109 2267 humano
1131 2201 1244 2283 generi
1265 2215 1347 2265 arva

154 2324 271 2392 moliri
299 2323 386 2389 ferro
417 2324 631 2406 moribusque
661 2323 750 2390 inter
780 2340 818 2389 se
841 2325 894 2391 uti
916 2328 952 2391 et
974 2326 1102 2407 legibus
1123 2343 1167 2390 an
1189 2325 1347 2392 feriarum

161 2465 256 2515 more
278 2447 396 2514 rudem
418 2448 527 2513 vitam
551 2448 684 2514 trahere
704 2452 893 2531 pergerent.
909 2448 1025 2530 Neque
1041 2448 1346 2530 profilioloaliquo,

162 2571 299 2639 mortali
317 2572 447 2654 virgine
469 2575 567 2649 nato,
591 2574 631 2637 ut
653 2570 709 2638 Sol
731 2573 821 2655 apud
844 2571 1018 2640 Valerium
1039 2571 1212 2654 Plancum,
1236 2572 1297 2637 sed
1306 2572 1348 2637 de

52 2768 55 2777 ,
161 2712 300 2765 summa
325 2698 495 2777 potestate
517 2697 668 2763 cenabat
689 2695 845 2780 Juppiter
867 2696 1146 2791 indignabundus.
1175 2696 1215 2761 In
1247 2694 1349 2761 iliade

163 2822 285 2904 ingens
319 2820 434 2887 decem
463 2834 629 2885 annorum
650 2820 774 2887 bellum
797 2837 856 2903 pro
879 2820 1005 2888 violato
1026 2818 1164 2902 hospitii
1185 2820 1258 2887 iure
1279 2836 1350 2886 sus·

160 2948 301 3029 neptum
322 2943 386 3011 diis
419 2948 455 3010 et
485 2942 610 3009 deabus
636 2944 724 3010 sordi
747 2946 810 3010 est.
834 2944 981 3027 Quisque
1003 2944 1136 3011 urbium
1158 2959 1296 3011 suarum
1314 2946 1351 3009 et

162 3086 335 3135 saororum
367 3072 531 3151 patronus
564 3084 644 3134 suas
678 3068 785 3151 ipsius
824 3070 941 3152 partes
970 3070 1090 3151 agebat
1111 3069 1177 3146 ita,
1198 3072 1240 3135 ut
1266 3068 1350 3133 Iuno

165 3191 372 3259 matrimonii
405 3202 544 3258 oausam
575 3190 786 3269 defenderet,
810 3190 961 3258 Minerva
990 3192 1073 3258 iusti
1095 3192 1171 3259 belli
1192 3192 1351 3275 pacisque

161 3318 308 3398 patrona
337 3331 357 3379 a
387 3313 585 3397 prudentiae
616 3322 651 3381 et
682 3315 928 3395 temperantiae
957 3318 1054 3398 parte
1083 3320 1207 3400 staret,
1234 3316 1352 3382 Venus

165 3439 335 3521 TroianiS,
354 3438 516 3504 adulterio
539 3437 691 3504 obnoxiis
713 3438 855 3506 faveret.
877 3439 974 3506 Troia
995 3442 1127 3507 exonsa
1142 3446 1179 3509 et
1200 3441 1352 3508 incendio

167 3562 321 3629 funditus
349 3562 459 3629 deleta
482 3562 619 3629 Iunonis
641 3563 691 3629 ira
712 3564 862 3631 nondum
883 3565 1050 3631 exhausta
1071 3570 1126 3632 est
1142 3565 1201 3632 sed
1219 3582 1353 3647 semper

167 3685 334 3769 Troianis,
358 3687 417 3767 qui
438 3687 555 3752 Aenea
573 3686 657 3752 duee
669 3686 752 3752 alias
764 3687 1354 3770 sedespetebant,maximeinfensa

168 3826 229 3875 eos
249 3826 310 3892 per
328 3813 437 3875 terras
459 3814 495 3876 et
518 3811 624 3876 maria
647 3809 849 3876 sollieitabat
870 3810 1151 3895 impediebatque,
1174 3811 1353 3895 quominus

168 3932 312 4016 populus
343 3936 440 4000 tanta
471 3933 656 4016 pertinacia
685 3948 747 3999 sua
771 3937 807 3999 et
831 3932 943 4001 labore
965 3935 1056 4001 vieta
1076 3936 1166 4002 orbis
1188 3940 1354 4003 terrarum

169 4057 349 4139 imperium
391 4057 647 4139 adipisoeretur,
678 4057 783 4125 donec.
815 4056 885 4123 fato
920 4056 1058 4141 dedens,
1093 4059 1199 4125 multo
1231 4061 1354 4127 honere

171 4181 208 4246 in
223 4181 395 4248 condenda
417 4180 539 4247 Latina
560 4182 642 4247 urbe
664 4181 829 4261 promisso
849 4180 996 4247 dolorem
1014 4182 1177 4266 deposuit
1193 4182 1354 4267 rempore

170 4305 292 4387 igitur,
317 4321 382 4385 quo
405 4304 514 4391 omnis
536 4303 652 4387 religio
675 4305 821 4381 iacebat,
846 4304 1002 4372 Valerius
1023 4307 1058 4373 in
1076 4306 1239 4392 fabrilem,
1259 4310 1354 4375 ouius
