3300 5067
725 559 727 563 .
758 507 823 574 109

190 701 315 797 Medea
332 700 472 768 ancillas
484 699 637 768 celeriter
650 701 761 768 mulos
772 701 910 783 iungere
922 702 1034 768 currui
1045 704 1081 768 et
1092 701 1335 768 medicamento
1350 698 1382 786 1)

191 825 285 898 clam
315 841 359 890 ex
389 841 475 921 arca
488 828 627 907 sumpto
649 825 843 892 conscendit
866 824 1024 908 rhedam,
1061 826 1225 907 rectaque
1248 832 1303 892 est
1323 841 1384 906 per

193 927 331 1032 urbem,
354 925 484 1016 ancillis
505 947 634 1014 circum
652 965 787 1016 currum
805 948 958 1016 celeriter
979 948 1213 1032 sequentibus
1236 948 1300 1015 872
1313 963 1382 1031 seq.

797 1063 832 1126 αἱ
853 1061 887 1126 δὲ
910 1060 945 1136 ab
968 1059 1065 1134 ἄλλαι

356 1175 550 1257 ἀμφίπολοι,
574 1175 726 1258 πείρινθος
749 1169 968 1258 ἐφαπτόμεναι
990 1161 1197 1256 perlectam

356 1291 478 1374 τρώχων
501 1292 614 1373 εὐρεῖαν
637 1290 875 1372 αατόὶριαξιπόν·
899 1294 936 1357 οὶν
959 1292 993 1358 δὲ
1015 1297 1150 1374 χιτῶνας
1291 1264 1294 1270 .

356 1407 547 1484 λεπταλέους
569 1417 677 1484 λευκῆς
700 1408 887 1488 ἐπιγουνίδος
910 1407 1003 1490 ἴιχρις
1027 1407 1132 1490 ἄειρον.

197 1545 203 1554 ·
243 1523 375 1592 Versus
402 1530 596 1608 postremus
617 1525 715 1609 plane
738 1528 774 1592 et
797 1525 938 1591 dilucide
961 1525 1156 1603 discrimen,
1188 1520 1274 1608 quod
1296 1524 1386 1591 inter

198 1648 415 1716 Homericam
448 1649 614 1715 rationem
647 1653 684 1715 et
718 1648 808 1714 inter
842 1649 1097 1731 Apollonianam
1132 1654 1204 1733 est,
1241 1640 1384 1717 indicat:

197 1773 370 1840 Homerus
391 1771 537 1840 nondum
563 1775 739 1855 tantopere
761 1771 804 1837 ad
830 1772 1012 1838 veritatem
1034 1779 1176 1841 naturae
1199 1774 1385 1840 describere

199 1883 323 1980 potuit.
357 1895 499 1964 Utinam
532 1898 685 1963 homines
719 1898 844 1963 aetatis
875 1877 1123 1972 Alerandrinae
1153 1897 1387 1980 cognovissent

199 2022 327 2088 colores
350 2025 387 2089 et
408 2021 519 2089 oleum
542 2021 684 2088 miscere
705 2025 741 2089 et
760 2021 962 2087 habuissent
981 2021 1094 2090 omnia
1105 2021 1263 2088 utensilia
1274 2036 1386 2086 neces

201 2148 292 2213 saria
313 2146 356 2212 ad
376 2144 593 2229 pingendum,
613 2144 732 2210 Graeci
752 2145 896 2227 pictores
909 2161 1039 2226 quoque
1051 2144 1228 2228 (imagines
1239 2145 1386 2212 virorum

202 2276 242 2338 et
263 2269 441 2337 mulierum
464 2269 642 2336 nonnullae
660 2269 696 2334 in
712 2269 871 2352 Aegypto
888 2269 1048 2334 inventae
1064 2269 1097 2334 in
1110 2268 1388 2351 sarcophagorum

203 2394 367 2476 operculis
397 2394 465 2462 iam
490 2410 625 2460 summa
648 2394 859 2477 praestantia
882 2397 973 2468 sunt)
996 2392 1140 2459 eundem
1162 2392 1389 2476 principatum

203 2518 448 2600 obtinuissent,
469 2520 719 2599 quempoetae‚
741 2516 930 2598 architecti,
949 2516 1151 2599 sculptores
1165 2516 1385 2598 legislatores,

204 2641 392 2724 philosophi
409 2655 555 2724 quoque,
578 2639 634 2723 qni
649 2640 799 2723 physicis
811 2639 933 2706 studiis
944 2641 1109 2722 imprimis
1121 2658 1255 2724 operam
1266 2657 1389 2708 naven-

205 2771 261 2831 tes
279 2763 404 2848 ingenii
420 2765 574 2832 acumine
596 2769 633 2831 et
655 2781 739 2831 sana
751 2769 867 2830 mente
879 2764 1022 2845 Graeca,
1035 2763 1160 2830 deinde
1172 2764 1388 2830 meditatione

206 2893 245 2954 et
266 2890 444 2956 observata
466 2892 605 2966 natura,
627 2887 789 2970 physicas
811 2887 960 2954 rationes
982 2893 1018 2954 et
1040 2893 1182 2954 naturae
1203 2887 1294 2970 leges
1315 2890 1388 2952 tam

206 3014 295 3078 fixas
316 3016 353 3079 et
375 3016 448 3078 tam
469 3013 629 3078 immotas
652 3013 866 3094 statuerunt,
895 3012 935 3077 ut
958 3011 1088 3094 physici
1107 3015 1242 3078 nostrae
1264 3011 1390 3077 aetatis
1460 3072 1462 3077 .

203 3135 366 3218 'ampliore
386 3132 559 3219 disciplina
580 3140 617 3202 et
641 3133 833 3202 melioribus
853 3135 1094 3200 instrumentis
1112 3134 1166 3200 usi
1184 3136 1390 3201 tantumeas
1414 3153 1418 3160 ·

206 3259 377 3327 affirmare
399 3261 570 3344 potuerint
588 3260 633 3344 2).

254 3383 365 3466 Quum
392 3387 490 3450 extra
518 3386 637 3451 urbem
658 3386 904 3467 pervenemnt‚
937 3383 1054 3451 Medea
1075 3385 1227 3451 celeriter
1249 3401 1270 3449 a
1291 3399 1390 3450 curru

208 3507 383 3577 descendit
399 3501 441 3575 'et
463 3508 577 3575 callide
599 3524 723 3591 magna
744 3507 938 3591 prudentia,
963 3509 1070 3591 primo
1089 3511 1209 3576 timore
1221 3507 1390 3584 simulato,

209 3631 330 3699 deinde
359 3633 447 3701 laeto
476 3633 627 3716 adloquio
655 3632 754 3719 (quae
785 3634 898 3700 omnia
927 3633 1107 3701 admodum
1130 3637 1211 3700 sunt
1233 3633 1390 3716 virginis,

210 3771 297 3836 qnae
325 3758 520 3840 ambagibus
550 3758 717 3824 nonnullis
746 3762 783 3824 et
811 3758 909 3840 longo
940 3757 1075 3825 exordio
1097 3775 1160 3824 usa
1181 3757 1299 3825 amicis
1322 3775 1390 3839 per·

251 3912 283 3990 1)
303 3915 405 3973 Fusus
424 3914 591 3989 descriptum
610 3918 653 3975 est
672 3914 842 3986 844-867,
861 3917 909 3976 ubi
927 3920 1024 3976 narrat
1040 3920 1120 3992 posia
1136 3934 1229 3978 cruore
1239 3918 1394 3978 Promethei

208 4014 240 4072 in
261 4013 381 4072 Caucaso
400 4015 492 4071 monte
509 4012 635 4072 adstricti
654 4013 783 4081 herbam,
812 4031 868 4088 qua
887 4014 1056 4076 medicamen
1075 4012 1199 4090 pararit,
1218 4017 1394 4076 succrevisse.

252 4106 284 4187 2)
305 4109 346 4170 cf.
366 4109 600 4184 ingeniosissimos
620 4110 774 4170 atommtas.
795 4111 933 4186 Inspicias
951 4112 1056 4187 passim
1074 4129 1142 4187 opus
1158 4112 1308 4173 doctissimi
1325 4113 1394 4174 Iohn

209 4207 323 4266 hlasson
343 4208 401 4282 (the
420 4207 521 4266 atomio
538 4207 634 4283 theory
654 4208 686 4268 cf
701 4207 848 4268 Lucretius
868 4209 1024 4269 contrustsd
1043 4209 1111 4268 with
1129 4209 1241 4270 modern
1260 4209 1395 4269 doctrines
1438 4253 1441 4258 ,

209 4305 243 4364 of
260 4306 348 4362 atoma
367 4304 422 4364 and
441 4304 601 4378 erolulion).
