3300 5067
276 1414 434 1503 Apollonii
458 1417 492 1489 ot
513 1416 631 1490 valerii
655 1416 762 1489 Flacci
786 1416 1017 1504 seponantur.
1045 1398 1226 1489 nardium.

197 1604 389 1673 Sidraecus
397 1606 742 1674 homoAlexandrina
753 1606 928 1689 disciplina
937 1607 1090 1673 imbutus
1100 1608 1216 1673 Museo
1226 1608 1340 1675 biblio

150 1729 270 1795 thecae
291 1745 500 1811 praeessem,
524 1747 609 1813 opus
629 1729 771 1797 maximi
791 1732 957 1797 momenti
969 1733 1005 1797 et
1016 1732 1104 1813 grati
1115 1732 1236 1796 laboris
1247 1748 1338 1797 rerer

151 1852 320 1934 Apollonii
342 1853 463 1920 Rhodii
485 1859 521 1921 et
536 1853 663 1920 Valerii
680 1854 788 1920 Flacci
807 1853 1036 1935 Argonautica
1047 1870 1239 1936 comparare
1249 1854 1339 1927 inter

153 1992 191 2042 se
209 1992 249 2042 eo
268 1976 365 2043 modo
384 1981 423 2043 ut
439 1980 575 2043 tantum
586 1993 639 2042 res
650 1978 757 2060 ipseo,
780 1978 918 2044 nomina
929 1980 965 2042 et
976 1977 1115 2043 heroum
1128 1979 1165 2043 et
1174 1977 1338 2061 locorum,

151 2100 267 2167 omnia
278 2101 420 2183 denique
431 2118 516 2183 quae
527 2074 573 2167 ad,
581 2102 823 2185 mythologiam
835 2105 871 2166 ot
879 2100 1338 2183 geographiampertinercnt,

151 2224 353 2303 conferrem,
373 2224 463 2290 idem
486 2226 611 2291 omissa
633 2226 742 2307 aliqua
761 2224 941 2301 adicerem,
964 2240 1114 2305 quasque
1126 2225 1339 2290 minusrccta

150 2353 286 2432 essent,
314 2350 538 2417 emendarem.
573 2350 795 2431 Quiaautem
816 2349 951 2414 animus
972 2348 1129 2414 abhorret
1151 2348 1338 2414 doctrinam

152 2472 417 2540 Alexandrinam
450 2476 592 2557 iactare,
621 2474 717 2540 ouius
739 2490 794 2539 me
817 2488 949 2555 quoque
970 2472 1083 2553 ipsum
1106 2487 1212 2552 aequo
1234 2472 1338 2553 impo-

151 2596 259 2663 ritum
277 2614 352 2663 esse
372 2598 531 2664 confiteor
549 2616 588 2665 ac
606 2614 706 2681 prope
724 2614 855 2672 omnes,
879 2597 937 2678 qui
948 2601 1099 2676 tempore
1111 2612 1185 2661 meo
1197 2596 1336 2673 vimmt,

152 2736 219 2787 non
249 2724 386 2788 tantum
414 2722 455 2787 de
482 2724 582 2789 rebus
612 2726 648 2789 et
669 2722 862 2789 nominibus
883 2722 966 2803 ipsis
987 2734 1086 2800 agere
1109 2718 1212 2784 velim
1234 2735 1337 2800 quam

152 2860 220 2924 qua
248 2844 377 2912 ratione
400 2862 484 2912 usus
505 2850 646 2929 uterque
669 2850 767 2929 poeta
795 2861 934 2913 munere
961 2845 1008 2911 sit
1042 2844 1188 2911 iunctus.
1224 2844 1274 2911 Ut
1295 2846 1337 2929 ii,

151 2967 210 3047 qui
239 2967 460 3049 agriculturae
482 2969 639 3044 student,
671 2970 822 3036 diversas
846 2971 953 3035 terras
975 2986 1041 3035 non
1064 2967 1200 3035 easdem
1222 2959 1337 3053 fruges

151 3090 288 3172 gignere
317 3092 377 3157 sed
406 3108 564 3159 arvorum
593 3092 827 3159 diversitatem
857 3109 995 3159 causam
1025 3108 1100 3157 osse
1130 3096 1170 3157 ut
1201 3091 1337 3175 frugum

153 3214 263 3281 multa
282 3231 405 3296 genera
426 3217 613 3298 exsistant,
634 3217 682 3283 sic
696 3216 888 3283 litterarum
900 3191 1011 3282 studio
1023 3221 1337 3297 operamnavantes

152 3337 393 3406 intellexerunt
422 3343 574 3422 tempora
604 3340 677 3423 ipsa
706 3344 743 3406 et
771 3339 901 3421 omnia,
936 3356 1021 3422 quae
1044 3339 1200 3421 aequales
1222 3344 1337 3406 mente

153 3466 309 3543 versent,
328 3466 504 3545 poetarum
522 3463 661 3530 inventa
679 3464 814 3547 gignere
833 3479 956 3545 eosque
967 3480 1084 3545 cogere
1096 3465 1136 3529 ut
1147 3470 1270 3529 canant
1280 3480 1336 3541 ea,

154 3603 239 3667 quae
258 3587 388 3654 civibus
407 3586 490 3669 ipsis
508 3592 604 3669 grata
623 3588 693 3654 sint
712 3592 747 3655 et
765 3590 807 3655 ab
826 3589 869 3655 iis
880 3589 1019 3671 intelligi
1029 3588 1160 3672 possint
1177 3587 1218 3668 1).
1230 3586 1338 3668 Igitur

155 3711 191 3774 et
206 3712 354 3777 rationes
373 3711 464 3793 ipsas
483 3712 660 3794 utriusque
678 3715 796 3795 poetae
809 3728 868 3795 per
879 3713 1162 3794 comparationem
1172 3710 1338 3793 explicare

154 3834 237 3901 mihi
267 3835 302 3901 in
330 3837 442 3903 auimo
465 3838 519 3903 est
543 3841 579 3904 et
602 3838 832 3904 demonstrare
854 3854 920 3919 quo
942 3838 1039 3904 modo
1061 3837 1210 3903 carmina
1232 3835 1337 3902 exsti-

155 3958 259 4023 tarint
281 3963 315 4025 et
339 3977 424 4041 quae
446 3961 652 4042 temporibus
675 3960 864 4028 tribuamus
887 3977 1023 4027 necesse
1046 3960 1101 4027 sit.
1115 3961 1337 4042 Quibusbene

154 4082 338 4163 perspectis
360 4085 566 4151 sententiam
584 4084 768 4168 proferam,
788 4089 865 4151 uter
882 4087 982 4165 poeta
1000 4099 1055 4149 me
1072 4084 1195 4166 iudice,
1215 4084 1338 4149 melius

195 4343 223 4413 1)
246 4344 282 4403 of
298 4346 390 4405 Taine.
412 4345 588 4419 Philosophia
608 4346 641 4405 de
662 4346 745 4405 l’Art.
768 4346 784 4405 1
808 4369 814 4405 :
836 4346 888 4418 58,
910 4348 958 4407 59,
1232 4429 1248 4494 l
