3300 5067
785 711 947 776 XXVIII.

316 910 355 976 In
376 908 565 975 Homericis
586 906 788 973 editionibus
810 905 952 988 formae,
976 906 1094 986 quales
1116 902 1288 968 ἀντιόωσαν.
1308 906 1337 973 Il
1361 909 1470 974 1:31
1613 899 1614 928 ³

271 1035 395 1116 ubique
418 1031 602 1100 reioiendae
625 1033 707 1097 sunt
729 1035 765 1097 et
787 1029 996 1113 ponendum:
1022 1027 1212 1093 ἀπιάουσαν.

800 1213 935 1308 mx.

315 1427 497 1509 Personae,
528 1425 650 1507 quibus
679 1422 861 1488 histriones
890 1419 1007 1486 Graeci
1030 1424 1066 1486 et
1090 1421 1233 1487 Romani
1253 1421 1465 1504 utebantur,

273 1567 389 1617 vooem
411 1566 478 1615 non
500 1547 731 1614 intendebant.

804 1741 922 1806 XXX.

316 1923 356 1988 In
377 1922 451 1988 vita
473 1927 508 1989 et
531 1921 629 1987 laetis
644 1920 766 1986 Tiberii
784 1917 980 1984 enarrandis
999 1918 1113 1984 Tacito
1133 1917 1216 1983 fides
1234 1917 1468 1986 abiudioauda

273 2051 337 2113 est

796 2219 929 2285 XXXI

316 2402 391 2467 Non
413 2404 504 2466 reete
526 2400 666 2465 historia
688 2353 841 2464 Romana
863 2414 951 2463 anno
974 2397 1039 2463 476
1061 2397 1279 2464 concluditur.

790 2609 939 2676 XXXII.

315 2790 493 2858 'transitus
515 2807 573 2871 per
594 2790 700 2871 Alpes
722 2806 812 2855 error
836 2790 909 2866 erat
931 2788 1025 2853 duois
1047 2787 1256 2855 Hannibalis

779 3001 945 3067 XXXIII.

316 3183 441 3249 Grothe
470 3181 701 3248 Alexandrum
730 3180 891 3261 Magnum
920 3179 1146 3245 calumniatur
1172 3181 1207 3245 in
1230 3178 1373 3246 historia
1396 3197 1468 3249 sua

271 3307 407 3373 Graeca.

776 3499 942 3565 XXXIV.

314 3686 453 3768 Egregie
482 3687 608 3753 fallitur
636 3686 776 3768 Eymael
805 3685 841 3751 in
864 3685 1059 3767 explicando
1082 3703 1185 3752 versu
1207 3686 1252 3751 89
1275 3687 1459 3771 caminia,

269 3809 358 3891 quod
384 3811 577 3878 inscribitur
606 3810 836 3892 Prosopopoea
867 3807 1065 3895 (Hofwijok.
1089 3827 1164 3892 pag.
1191 3811 1232 3876 18
1255 3810 1465 3878 Adnotatio-

269 3933 383 4018 num):
411 3935 476 4016 „Ik
499 3935 674 4017 vermoed,
698 3934 758 3999 dat
779 3935 850 3999 niet
874 3933 1083 4015 gezinspeeld
1107 3934 1216 3999 wordt
1238 3951 1281 4016 op
1303 3951 1366 4000 een
1388 3953 1465 4003 van

270 4058 435 4140 Huygens
457 4058 625 4137 bedlllers,
648 4059 701 4125 die
724 4059 860 4125 Reinier
881 4058 918 4125 of
932 4059 1003 4124 Vos
1022 4060 1154 4143 heette;
1180 4055 1207 4124 ’t
1218 4059 1248 4123 is
1260 4058 1316 4142 mij
1330 4058 1460 4126 anders

269 4182 342 4246 niet
374 4181 546 4266 duidelijlr‚
581 4201 729 4250 waarom
763 4184 836 4248 bier
865 4200 932 4248 van
962 4184 1095 4266 Reintje
1125 4183 1314 4266 gesproken
1337 4185 1463 4252 wordt.

270 4305 370 4388 Verg.
405 4306 514 4373 Sneld.
551 4307 592 4374 bl.
630 4307 711 4384 103,
754 4308 812 4373 dat
846 4309 899 4373 tot
933 4308 1094 4389 opsohrift
1127 4309 1262 4390 draagt:
1298 4307 1456 4374 Reiniers
