3300 5067
791 470 834 536 55

221 664 322 747 dare),
347 664 502 730 Valerius
524 663 742 731 nihilominus
754 664 927 731 Romanae
938 666 1050 747 gentis
1062 664 1225 747 originem
1238 681 1344 733 ausus
1357 668 1411 735 est

220 788 257 853 in
279 788 477 854 memoriam
496 804 670 866 revocare,
683 787 795 854 studio
813 787 1066 854 demonstrandi
1078 790 1147 855 iam
1159 775 1408 870 antiquissimis

220 914 428 995 temporibus
461 912 643 979 Troianum
677 913 838 995 populum
866 912 1019 979 demisse
1041 913 1132 980 nullo
1154 914 1278 980 scelere
1300 930 1408 996 neque

219 1034 290 1101 fato
319 1036 553 1102 interiturum:
581 1036 616 1101 cf
642 1036 706 1103 573
738 1053 808 1118 seq.
835 1036 980 1120 „Priami
1003 1037 1062 1103 sed
1085 1038 1161 1119 quis
1183 1038 1252 1104 iam
1274 1040 1408 1105 vertere

218 1159 333 1241 regnis
356 1159 427 1225 lata
450 1160 576 1241 queat?
599 1160 714 1227 Manet
731 1159 884 1227 immotis
900 1176 968 1227 nox
987 1159 1106 1226 Dorica
1124 1160 1242 1227 lustris
1254 1165 1291 1227 et
1301 1177 1408 1242 genus

218 1282 419 1350 Aeneadum
441 1286 478 1349 ct
500 1282 617 1350 Troiae
640 1282 794 1349 meliores
812 1281 994 1349 bonores’'.
1018 1284 1209 1350 Romanum
1228 1284 1408 1365 imperium

218 1404 309 1472 felix.
323 1384 560 1483 aestimemus,
583 1406 672 1488 qnod
694 1406 736 1472 de
759 1407 967 1488 Argonautis
985 1407 1098 1474 fabula
1119 1424 1251 1489 quoque
1269 1408 1404 1477 adeum

217 1529 384 1613 populum
401 1530 586 1611 pertinenti
616 1531 645 1613 l)
674 1530 803 1597 Iterum
825 1531 1014 1599 maximum
1036 1531 1218 1598 discrimen
1240 1536 1295 1597 est
1316 1532 1405 1599 inter

217 1651 392 1719 Valerium
414 1658 451 1719 et
470 1651 673 1735 Vergilium,
698 1655 755 1735 qui
778 1656 931 1721 nostram
954 1654 1217 1721 misericordiam
1237 1659 1273 1721 et
1290 1654 1407 1736 digna·
1478 1728 1485 1737 ,

218 1778 346 1842 tionem
358 1776 500 1842 infelicis
511 1776 672 1843 Troianae
684 1778 796 1859 gentis
804 1782 1006 1845 commovet.
1014 1778 1208 1846 Admodum
1217 1779 1403 1845 laudandus

216 1906 272 1968 est
282 1902 481 1984 Apollonius
493 1902 651 1985 Rhodius,
660 1902 718 1983 qui
728 1906 929 1984 argumento
940 1901 1284 1985 propriosecontinet
1296 1920 1404 1985 neque

217 2026 492 2109 Argonautarum
526 2027 591 2092 iter
624 2026 822 2108 cuicumque
848 2026 981 2093 fabulae
1003 2027 1172 2109 adiungit,
1196 2027 1293 2109 quasi
1314 2030 1406 2094 esset

216 2150 362 2217 alterurn
384 2168 503 2233 poema
526 2150 568 2217 de
590 2150 917 2233 Metamorphosibus
939 2151 995 2216 vel
1018 2152 1255 2234 mythographi
1276 2151 1367 2218 liber.

263 2275 441 2341 Praeterea
462 2275 590 2341 Valerii
611 2275 692 2341 liber
714 2275 883 2341 secundus
894 2274 1101 2354 protrahitur
1110 2274 1258 2355 imagine
1269 2274 1404 2357 Helles,

216 2399 254 2465 in
275 2400 492 2481 Hellesponto
514 2400 629 2465 nautis
648 2400 760 2467 oblata
783 2398 993 2482 (580-614).
1006 2397 1133 2464 Deinde
1144 2399 1179 2464 in
1192 2398 1404 2479 Propontidis

215 2522 438 2604 descriptione
471 2497 656 2590 admodum⁴
684 2523 843 2606 frigidum
877 2530 931 2589 est
964 2523 1044 2589 illud
1081 2520 1194 2605 „reor”
1237 2526 1303 2590 618
1344 2526 1405 2603 ¹(sic

215 2645 331 2728 pelago
354 2647 526 2729 pulsante,
550 2664 638 2731 reor,
658 2646 830 2730 Neptunia
847 2646 1016 2728 quondam
1033 2647 1147 2729 cuspis
1158 2646 1248 2730 eto).
1261 2647 1403 2745 lffoetam

216 2770 348 2837 nescire
380 2771 434 2838 vel
463 2771 617 2839 dubitare
644 2771 800 2838 dedecet:
832 2771 944 2838 omnia
973 2788 1052 2837 oum
1083 2772 1118 2837 vi
1147 2775 1183 2837 et
1206 2772 1348 2851 pondere
1371 2775 1404 2839 ei

215 2894 411 2977 proferenda
441 2898 539 2970 sunt,
571 2901 611 2962 ut
641 2896 765 2962 animis
794 2895 940 2962 attentis
970 2894 1043 2960 eius
1066 2912 1238 2961 sermones
1266 2900 1404 2978 captent

212 3036 345 3086 omnes.
368 3021 423 3087 Ad
441 3036 527 3102 quae
546 3021 672 3098 omnia,
692 3021 758 3087 iter
777 3022 819 3087 ab
838 3020 948 3087 insula
965 3019 1092 3086 Lemno
1111 3037 1218 3101 usque
1236 3020 1279 3086 ad
1291 3019 1404 3104 Cynici

215 3159 377 3225 regnum,
389 3145 570 3227 narranda,
588 3145 762 3228 Apollonio
774 3144 902 3210 Rhodio
913 3147 1050 3210 tantum
1062 3145 1257 3221 910-936,
1269 3144 1404 3211 Valerio

212 3267 331 3334 Flacco
343 3270 519 3335 428-630
531 3271 685 3335 versibus
696 3286 780 3351 opus
792 3273 855 3334 est.
869 3267 938 3335 Sub
950 3268 1088 3334 secundi
1099 3267 1174 3334 libri
1186 3269 1290 3333 finem
1302 3267 1399 3333 Vale·

213 3390 418 3474 riuenarrat,
426 3409 492 3474 quo
501 3392 596 3458 modo
605 3391 747 3473 cyzicus
756 3392 1138 3458 nautasoomitercoena
1146 3407 1278 3472 semper
1286 3391 1403 3457 eodem

215 3514 315 3581 modo
333 3515 500 3598 descripta
523 3518 674 3597 accipiat.
693 3516 815 3582 Risum
834 3518 987 3582 moveret
1008 3514 1160 3596 Cyzicus,
1171 3504 1258 3595 quod
1270 3513 1330 3590 iis,
1346 3516 1405 3595 qui

213 3637 324 3719 prima
346 3640 518 3707 maritima
535 3657 625 3706 nove
641 3640 867 3722 vehebantur,
888 3638 1059 3704 carchesia
1081 3636 1232 3702 ostendit
1254 3637 1400 3722 caelata,

213 3760 273 3827 ubi
305 3760 446 3828 classem
480 3763 699 3846 Pelasgorum
731 3762 844 3846 Cyzici
875 3762 963 3844 regis
991 3762 1068 3843 igne
1090 3761 1265 3826 ardentem
1290 3762 1403 3829 videre

212 3884 327 3967 potuit
349 3885 464 3967 Iason,
488 3887 553 3954 nisi
577 3887 734 3954 Valerius
757 3888 900 3953 dixisset
919 3886 1065 3951 classem
1079 3881 1354 3972 „ratibus’'(559)
1368 3886 1401 3970 2)

253 4075 284 4153 1)
308 4078 349 4137 ol.
374 4079 392 4137 2
415 4100 422 4138 ε
444 4078 601 4138 eor-305
624 4084 651 4139 et
672 4098 742 4157 quae
764 4081 796 4139 de
819 4080 912 4139 Diana
932 4079 1006 4139 diota
1027 4082 1094 4138 snut
1113 4096 1177 4153 pag.
1199 4080 1249 4138 47.

255 4174 288 4249 2)
317 4176 597 4235 Animadvertendum
622 4181 665 4237 est
685 4181 779 4252 poetas
800 4178 881 4237 verbo
903 4176 1015 4235 ‹ratis›
1037 4193 1086 4250 pro
1107 4193 1220 4235 «nare»
1238 4177 1282 4235 uti
1302 4178 1405 4253 solere,

213 4271 269 4327 qno
288 4255 416 4314 Valerius
435 4256 599 4315 obscuritate
619 4258 732 4319 laborat
