3300 5067
747 510 789 575 75

173 702 212 766 et
240 699 498 782 geographicum
527 707 664 787 poetam
686 719 825 787 asperae
847 708 884 772 ot
905 705 1078 772 horrificae
1100 709 1242 772 naturae
1264 722 1361 787 gran-

173 822 252 888 dem
291 825 534 892 amoenitatem
575 826 658 892 bene
692 827 841 894 sensisse
874 827 1047 904 ridemus,
1086 846 1176 897 oum·
1206 828 1361 896 Valerius

173 946 314 1016 Flaccus
335 947 424 1015 idem
447 952 585 1015 tantum
606 968 799 1027 uno-versu
821 953 919 1018 5:73
944 953 1274 1030 commemoraverit,
1299 969 1361 1020 nec

173 1070 288 1138 minus
310 1088 404 1138 mora
425 1073 461 1139 in
482 1090 585 1156 regno
607 1073 689 1157 Lyci
710 1073 817 1156 facta,
840 1076 897 1142 ubi
916 1075 1033 1142 idmon
1053 1080 1089 1142 et
1107 1076 1234 1159 Tiphys
1253 1080 1361 1143 morte

173 1195 263 1277 rapti
275 1201 358 1263 sunt
371 1196 414 1279 1),
427 1198 640 1282 Amazonum
649 1195 694 1282 2),
708 1196 906 1282 chalybum,
915 1199 1219 1284 Mossynoeoorum,
1231 1201 1361 1266 insulae

174 1319 330 1397 Aretias,
360 1319 500 1388 Caucasi
529 1321 725 1404 descriptio,
756 1323 918 1405 appulsus
945 1323 978 1388 in
1003 1321 1192 1390 Colchidem
1215 1327 1250 1389 et
1273 1325 1362 1390 situs

174 1442 325 1510 locorum
339 1443 425 1537 ipse
454 1443 628 1528 perspicue
659 1449 696 1512 et
724 1447 878 1512 suaviter
907 1446 1106 1528 explicatus.
1135 1445 1226 1527 Quae
1249 1447 1362 1514 omnia

175 1583 298 1650 magno
319 1568 429 1635 labore
452 1572 489 1634 et
505 1567 618 1635 studio
633 1569 822 1650 conquisita
840 1569 970 1651 poetico
988 1569 1156 1652 Apollonii
1173 1569 1305 1650 ingenio
1324 1570 1361 1634 et

176 1697 357 1785 venustate
378 1699 479 1760 aucta
500 1697 696 1776 ornataque
707 1698 790 1760 sunt
812 1694 931 1762 multis
949 1695 1049 1761 rebus
1068 1711 1134 1761 non
1153 1693 1267 1774 magni
1279 1707 1360 1758 sane

174 1818 340 1885 momenti
361 1818 422 1884 sed
441 1818 673 1900 quibusnavis
684 1817 867 1899 stationae,
888 1816 969 1895 coeli
980 1820 1197 1900 temperiem,
1211 1833 1302 1882 mare
1315 1812 1360 1900 3),

174 1945 318 2018 ventos,
346 1943 459 2008 omnia
481 1957 568 2023 quae
590 1941 633 2008 ad
655 1941 720 2007 iter
742 1940 952 2008 maritimum
974 1941 1163 2022 pertinent,
1187 1943 1260 2006 arte
1282 1956 1362 2021 qua-

176 2066 255 2130 dam
273 2070 371 2146 grata
388 2070 426 2131 et
435 2065 530 2146 copia
541 2065 721 2131 Homerica
731 2063 909 2145 descripsit
920 2063 1126 2145 Apollonius.
1150 2062 1362 2144 Quamquam

174 2205 243 2256 non
271 2206 357 2272 nego
379 2189 598 2256 haecomnia
620 2158 657 2282 A)
677 2186 859 2254 admodum
881 2185 1112 2253 Alexandrina
1134 2203 1209 2252 esse
1229 2185 1362 2268 Apollo·
1391 2199 1395 2204 ·

175 2314 254 2381 nius
277 2314 426 2393 ratione,
447 2330 513 2395 qua
536 2312 578 2379 ad
601 2313 684 2378 haee
706 2311 873 2378 narranda
895 2327 980 2377 usus
1002 2314 1056 2377 est
1075 2309 1191 2378 Phinei
1202 2309 1362 2377 vaticinio

174 2438 286 2504 fusius
320 2439 526 2521 pertractato
559 2439 595 2502 et
627 2435 834 2503 amoenitate
847 2461 849 2464 ·
864 2439 1006 2502 naturae
1029 2435 1214 2517 descripta,
1236 2433 1361 2500 maiore

175 2561 273 2633 laune
295 2560 417 2643 dignus
439 2561 494 2626 est
515 2576 619 2642 quarn
641 2576 705 2626 usu
727 2560 779 2626 fit

219 2687 388 2752 Attamen
409 2701 477 2752 non
499 2684 693 2761 tamobea,
715 2700 802 2765 quae
813 2681 1113 2766 dixi,Apoli0nius
1124 2680 1362 2766 praeferendus

176 2811 232 2876 ost
253 2807 389 2875 Valerio
411 2825 513 2890 quam
535 2807 623 2889 quod
645 2807 681 2874 in
702 2808 766 2874 hac
779 2808 955 2889 regionum
966 2807 1218 2874 enumeratione
1229 2804 1361 2871 invenit

175 2931 361 3014 rationem,
402 2949 469 3014 qua
509 2932 726 3014 Argonautas
763 2930 909 3012 hospitio
949 2931 1102 3011 excipere
1136 2931 1265 2996 Aeetes
1300 2944 1362 2995 rex

175 3055 407 3124 ferocissimus
427 3056 594 3138 obligatus
616 3056 673 3124 sit.
696 3055 894 3137 Apollonius
916 3055 1008 3122 enim
1031 3055 1084 3120 II:
1101 3055 1186 3121 1030
1208 3072 1257 3137 sq.
1277 3054 1362 3120 diffi-

175 3179 274 3245 cilem
306 3179 582 3262 Argonautarum
610 3178 789 3262 appulsum
819 3178 862 3243 ad
885 3178 1031 3246 insulam
1055 3179 1213 3246 Aretiam
1236 3182 1360 3246 narrat.

215 3347 246 3420 1)
273 3348 406 3407 Versibus
426 3347 587 3406 815-835
607 3346 772 3420 Apollonius
791 3346 873 3420 longe
894 3347 1087 3406 anteferendus
1107 3351 1150 3406 est
1171 3347 1295 3416 Valerio,
1316 3346 1365 3420 qui

174 3455 291 3515 ldmona
309 3471 419 3529 quoque
438 3455 531 3514 morbo
552 3453 652 3513 obiisse
670 3449 760 3511 finxit
1071 3443 1076 3452 ’

213 3561 276 3621 Hoc
301 3577 409 3636 quoque
436 3561 495 3620 loco
524 3559 709 3634 Apollodorus
738 3559 872 3618 Biblioth.
906 3558 1148 3644 1:9:2321
1180 3560 1248 3618 bene
1277 3558 1365 3633 Apol·

174 3668 280 3727 lonium
299 3671 411 3726 secutus
430 3665 538 3726 diversa
559 3666 622 3724 fata.
638 3665 754 3724 duorum
774 3667 999 3739 Argonautarum
1018 3665 1150 3724 mnavit.
1262 3726 1265 3731 ,
1298 3745 1302 3752 ¹

214 3777 402 3835 Successorem
432 3773 547 3848 Tiphyis
566 3773 708 3832 Ancaeum
728 3772 910 3846 Apollonius,
930 3773 1059 3833 Valerius
1075 3771 1210 3846 Erginum
1231 3772 1365 3832 nominat.

215 3880 248 3961 2)
280 3882 354 3950 Quae
389 3896 480 3954 nugas
517 3879 616 3952 dignas
644 3894 714 3952 quas
754 3882 881 3952 caneret,
911 3879 1039 3938 Valerius
1069 3878 1221 3953 putaverit,
1251 3852 1366 3952 apparet

175 3989 201 4046 V
221 4009 229 4047 t
251 3985 440 4056 lto-1392,
461 4002 532 4060 quae
551 3984 643 4045 omnia
659 3988 688 4043 et
697 3987 792 4058 poetae
805 3984 947 4058 ingenium
958 3988 986 4043 at
996 3985 1095 4043 aetatis
1106 3984 1227 4043 studium
1237 3983 1364 4058 produnt

183 4168 186 4174 Ι
215 4095 248 4169 3)
278 4093 416 4168 Inspicias
450 4109 559 4166 quoqne
588 4091 713 4166 egregios
742 4091 884 4165 Apollonii
915 4107 1011 4150 versus
1041 4091 1082 4154 IV
1108 4112 1119 4162 ¹:
1151 4074 1309 4150 922-'963
1338 4093 1366 4150 et

176 4183 808 4278 iponem.1:922522p0rum0).
958 4265 959 4269 Ν
1064 4257 1066 4261 ,
1098 4259 1101 4268 ,
1282 4261 1284 4272 ,

213 4308 246 4381 4)
265 4307 358 4381 Apoll.
381 4306 413 4364 11
434 4326 441 4363 z
462 4302 523 4364 537
543 4304 579 4363 ad
599 4305 684 4363 finem
703 4308 732 4364 ot
748 4304 854 4364 Valerii
876 4304 917 4363 IV
938 4326 945 4362 ε
967 4304 1025 4364 702
1047 4305 1082 4363 ad
1102 4305 1155 4366 Vr
1177 4303 1245 4363 217.
1269 4347 1271 4352 -
