3300 5067
853 484 916 550 114

292 678 435 758 Iasonis,
465 681 506 744 ut
525 677 701 745 levitatem
723 680 911 761 exprobret.
944 677 998 743 Ad
1020 693 1106 759 quae
1127 677 1227 744 Iason
1249 677 1480 746 misericordia

292 807 329 870 et
350 819 463 870 amore
485 805 658 886 permotus
677 819 753 868 eam
772 803 936 882 hortatur,
956 805 996 869 ut
1014 817 1131 868 secum
1142 801 1178 868 in
1190 801 1366 869 Graeciam
1377 804 1483 869 abeat

292 928 349 994 ubi
383 927 521 994 domum
553 927 695 993 ductura
728 926 776 993 sit
807 943 902 1008 eam,
936 941 1050 992 amore
1079 925 1231 992 omnium
1253 929 1290 992 et
1311 924 1482 1007 dignitate

290 1050 604 1118 felicemttumiore
615 1052 656 1116 ut
665 1049 749 1116 nihil
760 1049 826 1115 nisi
839 1065 930 1116 mors
942 1047 1047 1116 amori
1059 1049 1203 1117 obsistat
1214 1046 1479 1134 (tote-1130).

337 1174 451 1242 idedea
479 1173 617 1260 (nempe
638 1173 778 1240 lunonis
800 1177 876 1240 erat
897 1172 1056 1240 voluntas
1078 1144 1177 1238 utin
1199 1170 1375 1240 Graeciam
1397 1188 1479 1238 cum

290 1301 409 1369 Iasone
426 1296 716 1385 proficisceretur),
740 1313 820 1364 mox
843 1314 910 1363 non
932 1301 1115 1380 negatura,
1140 1297 1217 1364 silet
1240 1301 1478 1377 tamenneque

291 1424 489 1508 respondere
508 1423 611 1490 audet
629 1423 963 1500 reditusimmemor,
986 1437 1191 1503 quamquem
1202 1419 1326 1504 (neque
1337 1419 1479 1486 ancillas

290 1547 488 1633 Apollonius
509 1547 666 1614 veritatis
690 1545 801 1612 studio
823 1563 890 1613 non
913 1545 1167 1629 commemorat)
1194 1546 1278 1612 1137
1302 1560 1394 1625 seq.:

492 1668 546 1744 ἤδη
568 1666 773 1748 δὀὶμφέπολοι
795 1667 853 1746 μὲν
877 1665 1073 1733 ὀπιπεύουσαι
1097 1665 1223 1732 ἄπωθεν

492 1803 563 1876 σιγῇ
586 1791 770 1872 ἀνιάζεσκον·
794 1791 913 1858 ἐδεύετο
936 1793 1081 1870 δ’ἥμαπος
1104 1791 1178 1874 ὅρη,

491 1914 539 1996 ἂψ
563 1911 671 1981 timii
696 1915 820 1982 νέεσθαι
843 1917 892 1991 ἐδιν
913 1916 998 1994 μέτα
1021 1917 1140 1997 μητέρα
1162 1917 1271 1999 κου’ρην.

335 2039 434 2108 Iason
451 2046 569 2109 autem
587 2046 712 2109 cautus
723 2042 874 2110 Medeam
886 2045 1017 2125 monet,
1030 2049 1167 2127 tempus
1178 2061 1255 2111 esse
1265 2041 1476 2126 discedendi,

291 2163 409 2231 deinde
442 2165 485 2230 ad
517 2166 624 2232 socios
656 2170 693 2232 et
723 2183 846 2232 navem
876 2166 986 2234 laetus
1007 2166 1149 2236 festinat
1171 2170 1278 2239 redire
1301 2176 1338 2240 et
1360 2173 1480 2242 Medea

290 2289 333 2356 ad
355 2291 507 2375 ancillas,
536 2307 645 2372 neque
666 2293 761 2374 virgo
781 2292 817 2358 in
837 2293 1038 2374 cogitatione
1057 2293 1168 2362 defixa
1186 2299 1479 2377 animadverterat

238 2417 240 2421 ’
290 2428 349 2478 eas
370 2429 490 2480 omnes
511 2433 580 2482 una
601 2416 808 2483 advolantes.

447 2539 537 2619 ψυχη
558 2538 620 2620 γαρ
642 2538 783 2621 νεφέεσσι
806 2540 994 2621 μεταχρονίη
1016 2546 1188 2620 πεπότητο,

447 2661 636 2740 αὐτομάτοις
657 2662 690 2727 δέ
713 2662 839 2729 πόδεσσι
862 2661 936 2739 θοῆς
959 2664 1130 2743 ἐπεβήσατ’
1155 2670 1287 2747 ἀπήνης,

446 2785 502 2850 καί
521 2787 546 2866 ῥ’
571 2784 654 2866 ἐτέρη
677 2786 735 2864 μέν
757 2786 840 2866 χειρὶ
862 2786 940 2865 λάβ’
963 2789 1047 2863 ἡνία,
1070 2799 1107 2872 τῇ
1130 2791 1197 2874 δὀδρ
1220 2794 1378 2874 ἱμάσθλην

445 2908 627 2984 δαιδαλέην,
651 2911 754 2991 οὐρῆας
777 2911 953 2989 ἐλαυνέμεν·
977 2913 1011 2976 οἲ
1034 2893 1069 2978 δέ
1092 2914 1179 2980 πόλιν
1200 2917 1235 2982 δέ

446 3034 533 3100 θῦνον
554 3033 745 3113 ἐπειγόμενοι
768 3058 838 3099 ποτι
862 3035 1010 3113 δώματα,
1034 3039 1087 3113 την
1110 3039 1176 3121 δ’δρ
1200 3040 1300 3108 ἐοῦσαν

447 3160 604 3235 Χαλκιόπη
627 3183 696 3242 περι
719 3161 825 3226 παισὶν
848 3160 1025 3242 οὶαηχεμένη
1048 3163 1178 3243 ἐρέεινεν.

446 3281 521 3357 siti
546 3283 792 3366 παλιντροπίησιν
812 3285 993 3366 ἀμήχανος,
1016 3285 1083 3352 οὔτέ
1106 3311 1137 3352 τι
1160 3289 1267 3368 μύθων

368 3383 371 3387 ¹
444 3405 566 3480 ἔκλυεν,
590 3405 651 3470 οὔτ’
673 3407 803 3482 αὐδῆσαι
826 3409 999 3492 α’νειρομένη
1022 3398 1154 3489 λελίητο.
1228 3399 1231 3406 ’

445 3527 493 3611 ι’ζε
515 3531 598 3596 δ’ἐπι
621 3523 787 3612 χθαμαλῷ
809 3532 932 3613 σφέλαϊ
951 3543 1102 3615 κλητῆρος
1127 3535 1244 3618 ἔνερθεν

445 3657 553 3738 λέχρις
575 3656 753 3738 ἐρεισαμένη
772 3667 846 3740 λαιῇ
869 3659 921 3723 ἐπι
943 3659 1025 3740 χειρὶ
1047 3663 1180 3742 παρειήν·

444 3780 524 3861 ὑγροὶ
546 3780 617 3845 δ’ἐνι
639 3779 810 3860 βλεφάροις
833 3777 907 3861 ἔχεν
928 3781 1079 3862 ὄμματα,
1102 3784 1294 3867 πορφύρουσα

444 3901 500 3969 οἷον
523 3905 557 3986 {fi
579 3904 669 3968 κακδν
691 3903 774 3985 ἔργον
796 3902 999 3981 ἐπιξυνώσατο
1022 3906 1129 3990 βουλῇ.

333 4030 543 4112 Quamquam
561 4029 712 4096 ciiminis
723 4031 757 4095 in
769 4033 943 4111 parentem
955 4033 1018 4098 sibi
1029 4035 1161 4101 conscia
1172 4037 1244 4118 est,
1257 4037 1476 4117 magnanima

291 4153 385 4238 virgo
406 4153 517 4221 Iasoni
539 4155 684 4220 salutem
706 4154 849 4220 allatura
868 4156 1164 4223 est1130-1162.
1187 4157 1261 4223 Hoc
1272 4157 1472 4240 colloquium

290 4275 424 4347 excellit
460 4279 607 4345 veritate
647 4294 713 4359 qua
754 4279 906 4344 narravit
945 4279 1141 4362 Apollonius
1174 4279 1326 4348 Medeam
1359 4284 1470 4365 primo
