3300 5067
719 519 762 584 59

148 714 258 781 tinore
281 714 392 793 potuit
414 714 571 795 Flaccus,
605 730 671 795 quo
694 713 807 781 minus
831 712 872 779 de
895 712 1049 779 Manibus
1071 728 1160 780 nova
1182 715 1219 779 et
1240 712 1331 779 inau-

147 837 238 919 dita,
263 852 348 918 quae
371 838 456 903 bono
479 853 583 905 sensu
605 840 776 911 carerent,
799 836 972 918 proferret.
997 836 1134 918 Mopsus
1153 836 1331 903 arr-416

146 960 241 1028 onim
262 959 416 1027 Iasonem
438 961 535 1027 docet
557 960 691 1029 animae
713 960 897 1043 particulas
920 977 996 1025 esse
1018 966 1141 1027 natura
1162 960 1278 1028 divina
1296 966 1333 1029 et

147 1084 348 1151 immortali:
371 1084 467 1150 nolas
490 1100 565 1151 esse
589 1100 794 1166 quemquam
817 1084 1007 1151 interficere
1028 1084 1183 1150 altemm.
1207 1084 1332 1167 Siquis

147 1210 266 1277 tamen
296 1208 467 1275 hominem
497 1208 670 1291 occiderit,
706 1208 857 1275 animam
892 1207 1078 1287 interfecti,
1109 1208 1250 1275 iniuriae
1279 1227 1332 1275 ac·

147 1336 268 1415 ceptae
292 1348 477 1401 memorem
500 1333 596 1414 queri
615 1332 702 1415 apud
726 1332 854 1399 iudices
876 1333 1016 1407 interos,
1040 1333 1098 1415 qui
1120 1334 1163 1399 ad
1186 1337 1331 1416 terram,

148 1456 250 1527 Fruia
283 1456 407 1524 comite
440 1456 571 1538 addita,
606 1456 732 1522 reverti
763 1456 794 1521 ei
829 1456 1050 1539 permittant,
1083 1461 1123 1523 ut
1156 1456 1197 1524 de
1227 1456 1332 1523 intar-

147 1580 274 1649 sectore
308 1580 448 1647 meritas
482 1597 606 1661 poenas
640 1584 765 1647 sumat.
801 1580 836 1647 Si
867 1582 943 1663 quis
973 1598 1054 1648 vero
1084 1582 1211 1647 inscius
1233 1580 1331 1647 alteri

148 1706 295 1771 mortem
318 1704 486 1785 intulerit,
517 1705 606 1771 hunc
630 1722 692 1772 sua
715 1705 822 1788 ipsius
844 1706 1050 1772 conscientia
1071 1707 1165 1788 angi,
1187 1706 1331 1772 eundem

146 1828 278 1911 piaculo
301 1828 402 1895 dolori
424 1844 523 1910 posse
546 1828 672 1895 mederi
696 1844 768 1897 suo.

194 1951 345 2033 Wagner
377 1952 618 2019 animadvertit
652 1954 736 2033 „hoc
771 1952 1024 2035 philosophema
1057 1953 1332 2033 Argonautarum

146 2079 264 2143 aetate
300 2075 333 2159 1)
365 2077 483 2156 utique
516 2076 686 2143 recentius
720 2093 739 2142 e
773 2076 914 2143 Platone
942 2077 1104 2142 haustum
1127 2092 1220 2151 esse,
1242 2076 1332 2142 unde

146 2199 254 2268 etiam
276 2200 402 2267 rivulos
424 2200 602 2267 deduxerit
623 2199 792 2282 Vergilius
815 2202 908 2267 Aen..
923 2200 1332 2283 V12724-755et1lsy·

147 2325 244 2391 nium
267 2324 309 2389 ad
331 2341 470 2391 vorsum
493 2324 661 2405 imprimis
682 2326 747 2391 743
759 2325 941 2391 videndum
953 2342 1045 2399 esse,
1058 2324 1116 2406 qui
1127 2327 1163 2389 et
1174 2324 1331 2390 Flaccum

149 2447 286 2515 laudare
308 2463 374 2513 nou
393 2444 576 2529 neglexit'’
599 2445 730 2513 Versus
752 2447 827 2515 Val.
850 2447 938 2514 Flac.
962 2449 983 2513 3
1007 2466 1016 2513 ε
1040 2448 1217 2514 378-382
1245 2464 1331 2529 „non

146 2571 178 2636 si
189 2570 343 2639 mortalia
356 2573 505 2637 membra
518 2570 726 2651 sortitusque
739 2573 858 2638 breves
868 2575 904 2638 et
916 2573 1013 2655 parvi
1024 2577 1177 2655 tempora
1187 2572 1250 2639 fati
1261 2589 1330 2654 per-

147 2694 306 2777 petimur,
329 2696 439 2762 socius
465 2694 579 2775 superi
602 2696 770 2777 quondam
782 2696 871 2778 ignis
882 2696 1028 2779 Olympi,
1040 2697 1091 2762 las
1103 2696 1176 2762 ideo
1188 2697 1330 2762 miscere

147 2835 249 2887 neces
282 2819 434 2901 ferroque
469 2821 642 2887 morantes
674 2821 808 2901 exigere
839 2820 916 2887 hinc
949 2821 1081 2886 animas
1115 2819 1330 2901 redituraque

149 2942 282 3011 semina
315 2937 425 3009 coelo”
460 2944 492 3025 2)
527 2942 569 3007 ad
597 2942 748 3009 Platonis
769 2942 1013 3026 philosophiam
1037 2948 1208 3029 spectare,
1231 2961 1331 3011 unus·
1431 2997 1434 3007 .

147 3066 292 3147 quisque
315 3067 417 3135 videt.
441 3067 612 3149 Vergilius
634 3066 656 3133 l.
670 3067 691 3134 l.
715 3068 889 3149 perspicue
912 3068 1123 3149 Pythagorae
1145 3039 1269 3152 placita
1291 3070 1332 3135 de

146 3191 273 3257 animis
294 3193 371 3273 post
395 3194 540 3258 mortem
561 3192 604 3256 ab
627 3191 701 3258 aliis
724 3191 758 3256 in
782 3190 866 3257 alios
890 3192 1144 3259 transeuntibus
1156 3193 1333 3275 amplexus

147 3320 204 3382 est
226 3332 406 3398 eommque
429 3316 565 3397 igneam
585 3316 747 3396 originem
770 3315 955 3382 secundum
978 3316 1154 3382 Platonem
1165 3318 1331 3399 exposuit.

148 3439 216 3505 Sed
246 3456 331 3521 quae
364 3444 551 3521 sequuntur
575 3443 653 3521 post
677 3456 815 3505 versum
839 3440 904 3505 384
928 3458 998 3521 seq.
1022 3438 1148 3505 Valerii
1171 3457 1232 3506 nec
1254 3457 1332 3507 cum

148 3564 360 3646 Pythagorae
378 3563 593 3644 Platonisque
610 3562 743 3644 placitis
755 3582 864 3645 neque
877 3582 955 3631 cum
966 3564 1107 3646 Vergilii
1117 3564 1187 3629 loco
1198 3563 1333 3631 laudato

149 3687 332 3768 quidquam
343 3703 519 3773 commune
532 3687 666 3752 habent.
679 3687 795 3753 Manes
807 3688 851 3769 3),
863 3688 986 3768 quibus
997 3687 1134 3753 ianuam
1145 3687 1205 3753 leti
1216 3691 1332 3769 patere

130 3846 370 3859 ——-—-·

189 3914 221 3993 1)
242 3916 283 3973 Ut
302 3915 423 3989 plurima
442 3915 516 3989 apud
537 3914 694 3974 Valerium!

188 4013 220 4086 2)
250 4013 347 4086 Pergit
375 4012 519 4071 Valerius:
552 4012 678 4086 «quippe
708 4028 759 4071 nec
789 4012 819 4070 in
847 4017 943 4072 ventos
963 4031 1013 4073 nec
1033 4016 1063 4074 in
1083 4016 1182 4075 ultima
1202 4016 1337 4075 solvimm

147 4126 223 4169 ossa:
243 4110 286 4168 ira
304 4113 398 4168 manet
415 4109 550 4182 duratque
560 4109 672 4179 dolor,»
683 4109 785 4183 quibus
796 4110 922 4169 versibus
931 4111 1092 4171 Lucretium
1101 4114 1201 4173 referre
1211 4116 1335 4173 conatur.

187 4207 219 4282 3)
241 4206 365 4265 «Omnes
382 4222 448 4264 suos
464 4206 560 4264 dianes
580 4206 723 4280 patimur»
745 4207 829 4281 Verg.
848 4207 891 4266 VI
912 4208 1009 4267 :ula
1029 4210 1125 4269 Manes
1145 4211 1196 4270 hoc
1211 4212 1336 4269 loconon

145 4320 208 4363 esse
237 4303 334 4361 Manes
363 4305 457 4361 nosue
477 4318 562 4361 manu
582 4318 723 4362 caesorum
743 4305 792 4363 scd
812 4322 873 4364 esse
893 4306 1035 4369 hominurn
1056 4308 1178 4382 ipsomm
1198 4308 1333 4376 indolem,
