3300 5067
761 456 823 521 115

189 646 384 728 proiectam
407 641 446 714 ut
463 648 686 716 medicamina
704 649 816 717 Iasoni
834 641 946 729 daret,
968 651 1089 734 quibus
1101 656 1258 720 servatus
1269 654 1381 738 procul

193 785 218 832 a
253 748 405 838 Colchide
438 772 474 839 in
506 773 651 855 patriam
683 773 790 840 redire
818 750 950 857 posset,
985 791 1066 842 mox
1087 774 1234 843 lacrimis
1255 777 1381 854 obortis

193 908 349 960 amorem
385 910 451 961 non
486 895 555 962 lam
596 896 763 992 celantem
802 895 948 962 inultam
981 896 1135 965 Iasonem
1168 898 1381 969 adhortatam

195 1033 274 1083 esse
305 1021 345 1084 ut
374 1035 412 1085 se
440 1018 672 1088 in-Graeciam
694 1020 883 1087 abduceret.
920 1019 1011 1102 Quae
1034 1019 1131 1088 Iason
1154 1021 1195 1088 de
1217 1020 1380 1102 Ariadne,

195 1142 319 1218 Minois
339 1141 423 1221 filia,
452 1142 493 1209 de
514 1143 626 1226 patria
649 1161 728 1227 sua,
758 1143 799 1210 de
821 1144 1025 1211 Orchomeno
1048 1144 1133 1210 dixit
1155 1161 1221 1211 nou
1245 1144 1381 1211 doctum

195 1265 469 1332 additamentum
503 1245 695 1333 habendum
724 1270 779 1335 est
810 1267 869 1333 sed
899 1268 1001 1334 habet
1030 1268 1216 1333 maximam
1239 1267 1310 1334 vim
1341 1271 1381 1335 ut

197 1365 319 1470 rugini
341 1389 410 1464 iam
432 1389 538 1456 amori
560 1391 792 1458 succumbenti
814 1391 1046 1472 persuadeant.

242 1511 399 1579 Nondum
428 1514 620 1579 concionem
642 1513 915 1596 Argonautarum
940 1515 1145 1592 antediem,
1177 1531 1242 1596 quo
1263 1514 1380 1584 Medea

196 1641 233 1714 et
252 1636 352 1731 Iason
375 1637 529 1705 collocuti
550 1642 652 1718 sunt,
674 1639 826 1706 habitam
850 1639 1127 1715 commemoravi,
1150 1655 1193 1705 ne
1205 1639 1380 1722 expositio

197 1777 275 1828 nem
307 1761 479 1827 nascentis
512 1760 648 1828 Medeae
682 1763 806 1830 amoris
837 1762 1027 1830 inciderem.
1060 1762 1157 1830 Iason
1180 1780 1258 1828 cum
1281 1764 1379 1830 sociis

198 1887 269 1952 dira
279 1885 408 1952 Aeetae
420 1885 514 1952 iussa
525 1862 804 1964 communicavit,
825 1887 949 1954 docens
960 1904 997 1953 se
1009 1923 1051 1934 -
1063 1887 1145 1954 nihil
1156 1889 1247 1954 enim
1258 1887 1378 1954 melius

197 2009 289 2075 factu
312 2025 389 2075 esse
417 2043 450 2056 -
479 2008 610 2076 labores
633 2011 832 2094 suscepisse.
854 2010 940 2078 Cum
963 2011 1128 2096 plerisque
1140 2011 1378 2093 insuperabiles

198 2133 414 2200 difficultates
435 2149 512 2200 esse
535 2133 746 2218 viderentur,
769 2132 890 2202 Peleus
913 2135 1022 2202 iratus
1043 2135 1130 2202 dixit
1151 2152 1205 2212 se,
1230 2136 1259 2201 si
1281 2135 1379 2204 Iason

196 2237 385 2340 recusaret,
408 2274 474 2339 quo
494 2257 608 2326 minus
618 2258 653 2322 id
665 2259 855 2340 perficeret,
869 2275 935 2324 uon
948 2275 1044 2341 posse
1058 2259 1167 2325 sinere
1179 2259 1282 2324 alium
1294 2275 1378 2326 mor·

196 2383 244 2449 tis
264 2381 411 2466 periculo
421 2380 515 2449 obici.
539 2381 650 2464 Quum
662 2381 832 2466 Telamon,
843 2382 919 2464 Ida,
933 2383 1141 2466 Tyndaridae
1152 2382 1378 2465 indignatione

196 2508 380 2574 fremerent
402 2508 438 2570 et
456 2506 570 2588 Argus
581 2505 697 2572 Phrixi
708 2506 775 2573 fflio
787 2507 952 2573 auxilium
964 2507 1098 2572 Medeae
1109 2507 1274 2589 pollicitus
1285 2514 1377 2575 esset

196 2631 242 2698 dii
263 2631 414 2699 faustum
436 2646 534 2698 omen
554 2631 734 2698 dederuut:
758 2631 962 2707 columbam,
974 2631 1099 2698 Veneri
1118 2648 1375 2718 sacramavem,

195 2746 362 2839 accipitris
394 2755 467 2821 vim
503 2755 720 2837 effugientem
749 2759 785 2821 ot
807 2755 843 2822 iu
868 2756 981 2821 sinum
1003 2754 1132 2822 IasouIs
1155 2754 1374 2822 delabentem.

195 2878 322 2946 Laetus
343 2879 496 2962 agnoscit
513 2880 650 2962 Mopsus
668 2880 832 2947 auxilium
844 2879 987 2946 Veneris
1006 2878 1162 2945 aPhineo
1174 2880 1375 2960 promissum

194 3003 253 3069 sed
277 3003 370 3088 Idas,
393 3007 434 3070 ut
455 3020 590 3095 semper
610 3003 703 3071 ferox
728 3003 890 3086 proelium
912 3004 1043 3069 mavult
1067 3004 1252 3068 489-576.
1317 2993 1340 3020 “

238 3128 294 3195 Ab
311 3128 377 3195 alia
399 3134 494 3211 parte
516 3127 620 3211 igitur
640 3128 856 3210 Argonautas
879 3128 986 3209 primo
1005 3127 1178 3209 plerosque
1191 3128 1374 3211 perculsos,

193 3266 274 3317 mox
307 3255 424 3318 autem
457 3254 541 3318 bono
572 3252 683 3318 omine
713 3256 851 3347 accepto
873 3251 1079 3319 confirmatis
1103 3251 1225 3317 animis
1245 3250 1374 3317 Iasonis
1452 3231 1456 3242 ’

193 3375 321 3442 virtute
340 3375 521 3451 confidere,
540 3377 583 3442 ab
601 3375 795 3442 aliaoontra
805 3379 901 3458 parte
913 3375 1056 3458 legimus
1068 3375 1218 3458 Aeeten,
1242 3374 1372 3440 ferocis-

194 3501 319 3568 simum
352 3517 484 3583 regem,
518 3499 637 3567 Iasone
660 3500 768 3566 occiso
789 3500 860 3566 vim
883 3504 919 3566 et
942 3499 1081 3566 insidias
1102 3499 1136 3565 in
1158 3499 1373 3579 Argonautas

193 3625 367 3706 paravisse
390 3625 576 3692 557-608.

237 3747 361 3828 Nocte,
391 3763 476 3830 quae
505 3747 703 3830 colloquium
725 3746 854 3813 IasonIs
877 3749 912 3813 ct
934 3746 1068 3814 Medeae
1090 3746 1260 3828 sequium,
1283 3745 1373 3812 Iaso·
1499 3782 1501 3786 ·

193 3888 272 3938 nem
295 3871 409 3938 omnia
429 3888 451 3938 a
471 3870 588 3938 Medea
610 3871 738 3937 monita
755 3871 912 3953 perficere
924 3874 961 3936 et
970 3869 1178 3951 impavidum
1192 3869 1372 3956 terroribus

194 3995 371 4064 dirissimis
391 4011 508 4078 parem
526 4009 603 4060 esse
622 3994 771 4060 narravIt
788 3993 984 4074 Apollonius
1004 3993 1112 4059 fusius
1129 3996 1165 4059 et
1176 3993 1250 4059 aliis
1262 3994 1372 4060 verbis

192 4123 295 4202 atque
317 4119 352 4185 in
374 4119 532 4223 colloquio
554 4135 575 4184 a
595 4134 651 4184 me
669 4120 816 4203 tractato
833 4119 992 4183 ususest.
1015 4117 1216 4183 Rectissime
1227 4119 1371 4182 terrores

192 4245 234 4310 ab
256 4244 385 4310 Hecate
408 4243 535 4309 oblatos
557 4242 700 4308 inseruIt
722 4243 855 4324 noster,
890 4241 1011 4324 quibus
1033 4241 1206 4317 Iasonem,
1223 4240 1371 4332 ,Medeae
