3300 5067
843 503 888 568 86

275 696 327 763 Ne
360 696 455 779 opica
487 695 622 779 quidem
654 696 784 764 ratione
817 695 974 765 Valerius
1008 715 1092 765 usus
1121 697 1241 765 estin
1274 698 1336 764 hoc
1359 696 1464 772 libro,

275 822 334 888 ubi
371 821 506 887 induxit
546 821 637 888 viros
675 821 810 904 ignotos
851 823 1044 906 pugnantes
1076 824 1112 889 in
1146 823 1281 906 hostes,
1316 837 1464 903 quorum

275 944 414 1010 nomina
453 945 523 1012 sola
562 945 771 1024 audivimus,
812 962 923 1028 neque
963 946 1065 1013 duces
1109 963 1240 1030 pugnas
1273 945 1466 1029 singulares

275 1066 398 1134 fecisse
426 1069 543 1145 finxit,
574 1071 661 1152 quod
691 1072 808 1138 umen
837 1071 971 1153 epicum
1000 1076 1094 1138 esset
1116 1073 1153 1136 et
1173 1070 1321 1137 virtutes
1343 1085 1466 1135 eorum

276 1195 314 1258 et
334 1193 505 1274 postulata
526 1193 619 1260 iusta
638 1193 692 1260 vel
714 1194 826 1276 siqua
847 1195 1049 1263 auctoritate
1071 1194 1222 1276 praedita
1243 1193 1461 1260 ostendisset

275 1314 486 1398 Quamquam
518 1316 673 1401 Juppiter
705 1334 824 1385 severe
858 1318 970 1386 vetuit
1002 1317 1129 1386 Persen
1157 1316 1281 1402 proelio
1310 1316 1463 1392 devinci,

275 1444 354 1522 post
385 1441 495 1523 prima
528 1442 705 1509 conamina
736 1441 858 1508 Martis
890 1441 1019 1509 nullum
1055 1442 1194 1508 deorum
1227 1441 1464 1508 interventum

274 1564 435 1648 legimus
477 1568 518 1631 ut
558 1564 662 1632 duces
702 1565 874 1648 pugnandi
913 1565 1030 1634 ardore
1071 1565 1274 1632 inflammati
1315 1564 1464 1630 nimium

282 1689 451 1772 impetum
483 1693 604 1771 regant
632 1689 688 1756 vel
717 1690 904 1758 cohibeant.
938 1690 1007 1757 Sua
1029 1691 1150 1773 sponte
1173 1705 1241 1756 non
1263 1687 1378 1756 divina
1400 1704 1465 1772 ope

274 1816 467 1895 pugnantes
487 1813 578 1881 Iovis
600 1813 703 1881 iussis
726 1815 974 1897 obsequuntur!
1000 1815 1141 1882 1-426.

319 1934 419 2018 Iuno,
443 1937 558 2018 regina
580 1937 736 2022 deorum,
759 1937 880 2005 videns
903 1939 989 2005 hanc
1012 1955 1079 2006 non
1101 1955 1178 2005 esse
1201 1939 1329 2006 iustam
1350 1938 1461 2020 viam,

275 2077 343 2141 qua
382 2059 482 2126 Iasum
513 2061 622 2128 vellus
655 2078 797 2129 aureum
832 2061 1038 2145 adipiscatur
1073 2065 1292 2149 „exuentem
1325 2060 1465 2128 molitur

276 2200 390 2268 opem,
419 2184 555 2252 funesta
584 2187 781 2270 priusquam
810 2187 949 2254 consilia
971 2204 1010 2254 ac
1032 2203 1154 2254 saevas
1175 2186 1285 2269 aperit
1306 2201 1367 2252 rex
1389 2201 1464 2267 per-

276 2308 364 2376 fidus
386 2309 488 2376 iras.”
512 2309 596 2378 Iuno
617 2313 698 2377 ante
716 2311 807 2378 diem
826 2327 968 2394 magnos
985 2309 1115 2376 Iasonis
1133 2310 1263 2376 labores
1280 2307 1463 2392 providens

275 2432 312 2499 in
346 2433 477 2510 Medea,
511 2451 578 2516 qua
606 2434 699 2502 nulla
728 2435 898 2518 potentior
929 2437 984 2502 est
1006 2433 1181 2502 nocturnis
1203 2432 1288 2514 aris,
1325 2447 1467 2498 omnem.

277 2573 374 2642 spem
396 2562 433 2624 et
454 2557 619 2626 sociorum
641 2558 788 2626 salutem
810 2559 916 2640 ponit.
939 2557 1062 2627 Mirum
1081 2556 1243 2640 estquod
1261 2561 1361 2640 poeta
1379 2555 1464 2623 dicit

275 2680 471 2764 virginitate
493 2682 648 2749 Medeam
670 2682 884 2750 tremendam
905 2698 982 2748 esse
1005 2679 1085 2768 (449
1109 2681 1193 2765 seq).

290 2867 299 2879 .
421 2821 499 2889 ergo
520 2807 640 2888 opibus
662 2807 804 2889 magicis
826 2810 863 2874 ct
885 2805 1082 2890 virginitate
1105 2806 1318 2874 tremendam

422 2929 505 2996 Iuno
525 2929 602 2997 duci
625 2932 751 2998 sociam
773 2931 973 3014 coniungere
995 2930 1128 3012 quaerit
1148 2929 1298 3011 Achivo,

277 3068 356 3124 cum
388 3050 454 3118 V:
479 3054 542 3119 257
578 3053 821 3136 audiverimus,
855 3054 953 3137 plena
981 3053 1126 3120 necdum
1148 3051 1300 3120 Medeam
1322 3052 1463 3120 iuventa

277 3175 380 3243 adnui
402 3177 562 3244 thalamis
580 3177 704 3244 Albani
722 3177 891 3260 virginem
908 3179 1055 3262 tyranni.
1078 3176 1223 3245 AtIuno
1234 3193 1353 3244 mcum
1363 3175 1461 3243 dicit:

280 3299 386 3388 „Quid
407 3301 437 3366 si
459 3317 578 3366 caecus
600 3316 696 3368 amor
718 3317 909 3384 musaque
932 3301 1112 3368 aoeesserit
1130 3301 1263 3384 ignis?''
1287 3305 1325 3368 et
1342 3315 1464 3367 secon-

276 3424 344 3493 fert
365 3425 408 3491 ad
431 3422 611 3490 Venerem.
651 3422 743 3504 Quae
764 3422 891 3491 Iunone
912 3424 988 3490 msa
1010 3423 1140 3507 prosilit
1161 3423 1242 3490 altis
1264 3424 1349 3490 toris
1371 3422 1463 3491 voln-

277 3564 438 3632 erumque
459 3547 631 3616 exercitus
653 3547 829 3614 Amorum.
860 3546 910 3613 De
932 3563 1013 3613 vera
1035 3563 1137 3614 causa
1158 3546 1329 3615 Venerem
1350 3547 1463 3614 celans

278 3675 321 3740 ab
354 3691 395 3741 ea
427 3674 515 3756 petit
550 3672 615 3739 465
649 3689 719 3754 seq.
755 3671 924 3756 „artificis
945 3671 1066 3738 blanda
1088 3669 1315 3754 adspiramina
1337 3671 1464 3740 formae

278 3801 483 3880 ornatusque
504 3798 606 3883 (tuos)
628 3801 720 3865 terra
741 3797 898 3879 caeloque
920 3793 1110 3879 potentes.''

322 3919 441 3988 Ventis
462 3922 556 3989 dolos
578 3922 686 3989 sentit
706 3923 776 3989 iarn
798 3920 929 4004 pridem
952 3922 1111 4004 spectans
1129 3919 1306 3988 interitum
1317 3919 1464 4004 Aeetae,

278 4043 338 4114 dlii
359 4042 461 4122 Solis,
484 4048 543 4129 qui
564 4046 768 4114 adulterium
789 4062 892 4112 suum
913 4060 991 4113 curn
1014 4043 1122 4111 Marte
1143 4044 1285 4128 aperuit.
1309 4045 1360 4112 At
1381 4044 1466 4111 Iuno

280 4168 421 4251 cingulis
439 4171 587 4252 acceptis
604 4169 849 4236 laetaformam
860 4167 1054 4249 Chalciopes
1064 4167 1200 4235 Medeae
1212 4168 1335 4235 sororis
1347 4167 1467 4236 induta

281 4291 446 4385 virginem
468 4291 635 4358 infelicem
658 4295 694 4358 et
716 4291 868 4359 nesciam
889 4291 970 4358 mali
992 4290 1142 4359 adoritur
1164 4287 1375 4376 (tea-494).
