3300 5067
719 1589 1046 1666 emindii).

338 1837 550 1918 Quamquam
584 1840 637 1903 tot
670 1840 707 1902 et
736 1838 835 1903 tanta
865 1836 1058 1904 discrimina
1081 1840 1162 1904 sunt
1184 1837 1275 1903 inter
1296 1839 1485 1916 utrumque

295 1962 448 2043 poetam,
478 1959 614 2041 utrique
642 1975 821 2061 commune
843 1962 915 2038 est,
946 1959 1034 2042 quod
1057 1960 1217 2027 vixerunt
1238 1962 1370 2035 aetate,
1394 1975 1485 2040 quae
1603 1961 1604 2046 3

295 2083 459 2149 successit
480 2083 612 2149 florenti
634 2083 699 2149 arti
715 2082 865 2166 poeticae
876 2083 988 2165 populi
1000 2083 1118 2150 Graeci
1129 2088 1166 2151 et
1176 2083 1332 2165 Romani,
1344 2087 1381 2149 ei
1391 2083 1484 2175 quod
1603 2127 1604 2134 ι

294 2209 534 2288 argumentum
567 2223 634 2273 non
667 2208 782 2274 minus
815 2224 919 2289 quam
948 2224 1086 2290 poeseos
1108 2223 1216 2290 genus
1238 2225 1259 2273 a
1281 2223 1345 2273 sua
1367 2209 1484 2274 aetate
1603 2211 1604 2304 3

293 2329 442 2397 alienum
465 2333 709 2399 tmcmverunt.
732 2331 803 2414 Quo
825 2337 943 2399 autem
966 2332 1064 2399 modo
1081 2337 1223 2414 uterque
1239 2330 1484 2398 munerefunc
1603 2323 1604 2376 ³

294 2457 354 2522 tus
387 2455 468 2523 est?
501 2455 699 2537 Apollonius
732 2456 883 2523 Rhodius
910 2461 947 2522 et
972 2457 1126 2524 Valerius
1148 2457 1288 2522 Flaccus
1307 2455 1349 2520 ab
1371 2455 1484 2521 indole

294 2580 407 2661 gentis
429 2596 511 2646 suae
532 2597 598 2647 non
621 2582 864 2648 aberravemnt
885 2581 945 2648 sed
967 2598 1053 2663 quae
1071 2583 1204 2665 propria
1221 2584 1303 2653 sunt
1321 2579 1482 2647 Graeciae
1595 2631 1597 2636 .

295 2707 332 2770 et
349 2704 456 2789 Latii,
474 2706 509 2772 in
528 2706 706 2788 utriusque
723 2708 844 2788 poetae
861 2705 1099 2788 Argonauticis
1109 2721 1239 2788 quoque
1250 2704 1481 2787 inveniuntur,
1603 2749 1604 2802 3

292 2829 415 2910 quibus
438 2847 521 2912 gens
543 2830 695 2896 omnium
718 2831 844 2896 artium
866 2829 1182 2912 disciplinarumque
1205 2832 1241 2897 et
1259 2831 1434 2897 inventrix
1446 2833 1483 2898 ed
1603 2823 1604 2838 ¹

294 2953 419 3020 cultrix
440 2954 561 3038 populo
583 2955 684 3039 duro,
705 2955 857 3039 militari,
879 2954 1049 3021 forensem
1059 2971 1161 3021 usum
1172 2956 1209 3020 et
1220 2957 1330 3020 artem
1341 2954 1482 3022 rhetori-
1603 2979 1604 3016 i

294 3080 554 3145 camexercenti
565 3080 753 3162 opponitur.
769 3079 1080 3161 Homericapoesis
1092 3077 1382 3161 splendidissimae
1395 3079 1481 3145 artis
1603 3141 1604 3186 3

294 3200 487 3268 Hellenieae
514 3203 604 3285 origo
626 3204 705 3270 finis
727 3220 859 3285 quoque
880 3201 1072 3269 litterarum
1093 3202 1298 3269 Graecarum
1320 3202 1395 3269 fnit.
1429 3204 1481 3269 At
1603 3193 1604 3250 ἒ

297 3328 471 3411 „tempora
493 3322 1131 3402 mutanturetnosmutamuriniilis'’,
1155 3326 1292 3394 nedixit
1305 3327 1479 3411 Horatius?

294 3455 332 3516 et
365 3448 484 3515 Graeci
514 3466 646 3531 quoque
677 3450 812 3517 mutati.
847 3448 946 3516 Nulla
967 3434 1208 3532 rhapsodorum
1230 3449 1356 3518 familia
1380 3452 1479 3535 Apol·

294 3573 375 3640 lonii
406 3575 635 3655 Argonautica
669 3573 911 3641 declamatione
945 3575 1061 3657 auxit,
1094 3576 1135 3639 ut
1166 3575 1304 3641 Aeolica
1333 3579 1370 3642 ei
1398 3592 1479 3643 mox
1603 3567 1604 3658 s

294 3697 406 3764 Ionica
428 3715 513 3783 gens
534 3702 795 3780 composuerunt
816 3698 955 3766 Iliadem
977 3702 1014 3766 et
1032 3698 1235 3782 Odysseam,
1259 3699 1350 3767 nulla
1368 3702 1479 3769 virtus
1603 3717 1604 3770 5

296 3822 435 3888 heroum
465 3821 679 3889 doctissimos
708 3822 927 3890 bibliothecae
957 3822 1204 3889 Alexandrinae
1226 3823 1413 3906 praefectos
1431 3824 1478 3890 in·

294 3946 499 4022 flammavit,
523 3963 590 4012 non
608 3945 654 4012 dii
676 3948 712 4012 et
734 3946 816 4012 deae
834 3947 876 4012 iis
886 3947 955 4013 iam
967 3946 1183 4029 condierant,
1205 3947 1335 4014 iacebat
1347 3948 1475 4032 religia,

295 4086 357 4135 nec
379 4069 607 4153 Argonautica
630 4087 741 4138 mores
761 4075 797 4139 et
812 4073 924 4138 dodam
941 4071 1034 4138 vitae
1044 4071 1210 4138 rationem
1221 4071 1351 4140 decena
1372 4072 1477 4139 Multa

294 4197 412 4260 autem
434 4194 584 4261 doctrina
606 4196 777 4274 laborant,
800 4199 1039 4278 argumentum
1060 4194 1181 4278 ipsum-
1196 4212 1263 4262 non
1286 4202 1341 4264 est
1358 4197 1476 4280 ingens

295 4318 459 4402 proelium
481 4336 502 4386 a
524 4319 663 4387 Graecia
685 4321 802 4386 contra
825 4320 944 4386 Asiam
964 4322 1117 4402 gestum,
1137 4323 1270 4402 spectat
1288 4323 1424 4394 cantum
1434 4319 1476 4385 ad
