3300 5067
918 497 963 564 32

351 695 475 761 ventos
486 706 685 774 magnopere
696 690 840 759 temero
850 694 888 759 et
896 709 1043 775 aequora
1052 710 1198 777 poscere.
1209 692 1357 775 Quorum
1368 693 1529 774 lirrorcm,

352 822 393 885 ut
426 832 528 900 saepe
562 816 634 883 lieri
664 817 811 893 solebat,-
836 833 904 884 non
925 816 996 884 mm
1018 818 1238 901 comprimere
1259 834 1383 894 ausus,
1407 819 1532 885 Aeolus

350 941 474 1007 ventos
506 956 526 1007 e
559 956 690 1007 caruere
724 940 865 1009 dimisit
893 940 944 1007 Ut
971 942 1067 1025 equi,
1098 958 1182 1024 quos
1210 941 1366 1010 adductis
1394 943 1531 1009 moenis

352 1065 468 1147 auriga
497 1065 643 1132 retinere
673 1080 739 1131 non
761 1065 889 1148 valuit,
912 1066 990 1148 iugo
1011 1065 1119 1132 ilecto
1140 1066 1358 1148 abruptisque
1380 1067 1459 1133 loris
1480 1064 1530 1131 hic

352 1191 455 1269 atque
476 1187 541 1255 illic
559 1204 657 1257 caeco
675 1190 805 1273 impetu
822 1194 944 1273 munt,
956 1189 1006 1256 sic
1015 1188 1176 1273 procellae
1186 1190 1382 1256 vehementi
1392 1190 1529 1257 stridore

352 1314 387 1379 in
417 1330 510 1380 mare
539 1315 760 1397 praecipitant
786 1318 823 1381 et
852 1330 994 1397 magnes
1022 1314 1147 1381 iluctus
1168 1313 1211 1379 ad
1233 1330 1358 1380 navem
1380 1313 1528 1381 volvunt.

351 1438 496 1505 Aeolum
529 1443 652 1507 ventos
682 1454 894 1522 compescere
918 1454 986 1505 non
1008 1454 1124 1519 posse,
1147 1453 1274 1505 nemim
1294 1436 1529 1505 documentum

351 1566 425 1640 est,
454 1580 510 1631 res
536 1561 578 1629 ad
602 1562 741 1629 deorum
762 1564 921 1629 naturam
943 1561 1044 1629 etad
1066 1562 1309 1645 mythologiam
1329 1562 1529 1645 pertinentes

323 1694 324 1697 ’
351 1704 373 1753 e
395 1686 531 1754 Valerio
553 1702 617 1753 non
641 1686 791 1769 intelligi.
814 1686 881 1752 Eos
902 1684 995 1751 enim
1013 1686 1144 1768 proprie
1164 1700 1241 1751 esse
1262 1686 1422 1769 physicas
1443 1689 1529 1769 pote

350 1812 461 1877 states
483 1810 669 1876 humanam
691 1810 836 1878 formam
850 1810 987 1877 indutas
1004 1826 1115 1891 neque
1130 1809 1271 1876 minime
1287 1811 1330 1876 iis
1347 1810 1529 1876 invitissed

349 1937 440 2001 nutu
473 1950 589 2001 eorum
618 1934 871 2002 vicissitudines
897 1935 933 2001 in
962 1934 1179 2001 coelestin
1209 1936 1294 2001 mari
1322 1937 1360 2001 et
1388 1936 1529 2001 interra

352 2058 440 2141 fieri,
476 2076 575 2127 nemo
608 2062 663 2126 est
691 2061 749 2141 qui
766 2061 885 2126 nescit
908 2056 1016 2125 Multa
1037 2057 1174 2139 quidem
1195 2060 1308 2125 mutat
1330 2058 1529 2142 mythologie

351 2181 541 2251 fabularum
570 2184 732 2266 originem
757 2200 824 2251 non
846 2183 916 2250 mm
938 2197 1078 2265 eumne,
1105 2181 1165 2248 sed
1184 2185 1258 2248 tota
1276 2198 1395 2248 earum
1414 2184 1528 2248 natura

352 2306 486 2373 detorta
518 2306 706 2390 imperitiae
735 2311 871 2389 poetam
901 2322 1027 2372 avora
1051 2306 1202 2371 doctrina
1222 2304 1369 2373 alienum
1391 2308 1527 2372 incusat

352 2430 479 2498 Utrum
509 2430 634 2499 Boreas
656 2432 727 2514 ipsc
749 2431 847 2497 Aeoli
867 2431 1008 2513 imperio
1029 2429 1202 2495 subiectus
1221 2444 1266 2494 an
1287 2429 1343 2494 sui
1365 2429 1448 2496 iuris
1467 2428 1526 2508 sit,

352 2554 461 2636 qualis
480 2554 623 2636 denique
645 2554 711 2638 sit,
734 2554 1014 2638 septentrionalis
1033 2554 1181 2637 regionis
1197 2556 1314 2619 erutos
1331 2570 1376 2618 an
1394 2557 1526 2628 ventus,

351 2679 393 2745 de
416 2679 470 2745 his
491 2681 646 2748 omnibus
669 2684 768 2764 poeta
790 2696 852 2747 uos
873 2681 969 2747 celat.
992 2681 1044 2747 At
1061 2680 1180 2761 utique
1197 2679 1271 2761 ipse
1286 2678 1527 2744 innavemncn

345 2806 489 2888 corruit,
512 2822 590 2872 eum
611 2805 648 2871 in
669 2822 710 2871 ea
727 2809 823 2888 purte
842 2806 945 2872 maris
963 2800 1093 2887 Aegaei
1106 2800 1527 2885 ventiaSeptentrionibus

350 2930 498 2995 orientes
515 2946 675 3013 persaepe
687 2929 837 2996 maximo
847 2929 971 2995 damno
981 2927 1119 3010 navigia
1129 2926 1289 2993 afficiant.
1301 2925 1373 3008 Quo
1384 2931 1527 3009 tempore

352 3051 478 3120 Boreae
500 3054 655 3121 omnibus
678 3054 804 3121 viribus
826 3053 994 3136 agendum
1017 3057 1108 3129 erat,
1132 3068 1252 3118 arcano
1274 3055 1312 3117 et
1333 3050 1420 3117 miro
1438 3048 1527 3117 modo

353 3194 373 3244 e
391 3183 572 3260 conspectu
588 3178 727 3246 abierat.
750 3177 960 3261 Quamquam
972 3180 1089 3245 autem
1099 3177 1255 3244 Valerius
1265 3175 1452 3257 Vergilium
1461 3173 1528 3241 imi·

351 3304 449 3369 tatus
482 3303 551 3385 est,
580 3302 798 3369 nihilominus
829 3320 958 3370 errores
984 3302 1134 3369 nonnulli
1155 3303 1263 3368 n‘sum
1284 3305 1446 3367 movent:
1467 3296 1526 3365 618

485 3427 619 3491 excussi
644 3427 798 3494 munibus
821 3428 908 3494 remi
925 3442 1151 3508 conversaque
1165 3426 1312 3493 frontem

484 3549 606 3633 puppis
623 3550 659 3615 in
677 3551 820 3617 oblicum
843 3568 980 3617 resonos
1001 3551 1093 3617 letus
1114 3550 1235 3631 accipit
1259 3548 1364 3628 ictus,

484 3673 561 3741 vela
583 3689 684 3755 super
706 3674 891 3741 tremulum
912 3674 1046 3740 subitus
1067 3672 1245 3739 volitantia
1260 3672 1390 3740 malum

346 3802 347 3805 ’
485 3798 585 3864 turbo
607 3797 712 3881 rapit,
737 3802 801 3864 etc.
826 3798 1013 3863 618-621.
1133 3839 1138 3847 -

344 3940 346 3946 ’
397 3918 551 3988 Valerius
581 3922 706 4001 nescit,
737 3939 842 4004 quum
869 3926 998 3990 arrecto
1021 3921 1109 3989 malo
1138 3924 1175 3987 et
1198 3920 1283 3987 velis
1304 3922 1417 4002 passis
1440 3917 1527 3988 venti

353 4044 491 4111 secundi
533 4044 721 4127 propellant
764 4062 905 4127 navem,
951 4062 1137 4128 numquam
1169 4048 1293 4112 nautas
1337 4045 1443 4112 remis
1481 4041 1527 4109 uti

353 4168 475 4235 solerel
498 4167 584 4235 Vide
614 4168 707 4236 enim
728 4184 841 4235 rerum
863 4170 1014 4236 ordinem
1036 4170 1071 4236 in
1094 4169 1255 4236 Aeneidis
1281 4170 1430 4236 1:103:
1453 4167 1527 4237 talia

352 4291 493 4359 iactanti
514 4332 517 4341 ·
537 4290 685 4358 stridens
730 4291 884 4374 aquilone
919 4293 1067 4377 procella
1106 4293 1217 4360 velum
1250 4290 1395 4359 adversa
1438 4293 1526 4377 ferit,
