3300 5067
758 496 821 564 103

244 691 311 758 Sed
330 707 483 774 quaeres
501 694 556 758 est
572 692 699 758 summi
718 692 900 771 momenti,
920 691 1093 778 Chalciope
1104 694 1214 759 mater
1225 693 1380 775 crimine,

197 816 287 900 quod
320 816 399 883 liliis
432 816 506 883 eius
539 815 689 882 minatur
718 815 863 893 Aeetes,
893 815 1004 882 verita
1025 833 1068 898 ne
1087 833 1156 882 una
1176 832 1256 882 cum
1277 816 1382 898 Argo

197 941 314 1025 nautis
331 945 491 1022 pereant,
502 939 653 1007 Medeam
673 941 851 1008 adhortata
869 945 924 1007 est
943 941 983 1005 11
1001 940 1132 1022 magica
1143 943 1217 1005 arte
1229 938 1382 1006 Iasonem

196 1064 242 1141 ad
269 1064 399 1131 labores
420 1063 636 1146 perferendos
656 1063 805 1131 adiuvet
829 1061 946 1130 Medea
968 1064 1072 1146 igitur
1093 1062 1288 1146 Chalciopes
1309 1079 1382 1145 pre·

195 1189 293 1257 cibus
315 1190 352 1254 et
372 1205 486 1254 amore
508 1188 638 1256 Iasonis
660 1204 791 1270 quoque
813 1189 966 1271 permota
988 1191 1148 1270 cognatos
1170 1191 1206 1252 et
1217 1186 1381 1268 Iasonem,

196 1331 314 1380 earnm
344 1317 465 1394 caput,
494 1331 562 1380 uon
592 1331 656 1382 sua
684 1330 786 1380 causa
814 1313 875 1380 sed
903 1313 1051 1396 quietem
1081 1330 1179 1380 suam
1202 1314 1238 1378 et
1260 1313 1382 1380 honam

197 1437 325 1504 famam
358 1437 454 1504 nihili
486 1437 613 1505 faciens
644 1455 664 1504 6
698 1445 791 1504 66111
820 1437 966 1520 pernicie
996 1437 1120 1520 eripuit
1148 1438 1216 1518 ita,
1239 1440 1280 1504 ut
1307 1437 1382 1520 ipsa

197 1561 289 1628 omni
319 1562 444 1628 scelere
473 1561 590 1628 abluta
619 1561 742 1628 fortem
766 1566 802 1628 et
822 1561 989 1630 invictum
1011 1561 1164 1628 animum
1186 1560 1380 1628 ostenderit.

163 1768 175 1784 ι
197 1685 312 1753 Puella
333 1687 450 1751 autem
473 1685 527 1752 vel
549 1685 680 1762 mulier,
702 1686 797 1752 cuius
819 1701 919 1763 mens
936 1701 1049 1751 amore
1069 1685 1214 1768 exarsit,
1237 1684 1381 1750 amicam

197 1811 384 1893 desiderat,
404 1825 549 1891 quacum
568 1808 686 1874 dubias
706 1826 804 1875 curas
823 1811 861 1874 61
876 1808 996 1890 gaudia
1007 1807 1243 1875 communicet.
1266 1807 1381 1874 Talem

197 1935 312 2001 ordine
344 1950 458 2000 rerum
480 1935 517 1998 61
539 1932 669 2015 poetica
691 1931 859 2015 Apollonii
880 1931 1011 1998 1111616
1034 1931 1207 2014 Chalciope
1230 1949 1267 1998 se
1288 1948 1381 2014 prae·

197 2058 280 2124 buit
301 2056 409 2138 Quam
431 2057 663 2138 1611611161
674 2055 866 2138 Chalciope,
885 2054 1019 2121 Medeae
1031 2054 1160 2137 affinis,
1181 2055 1304 2120 nutrici
1316 2056 1381 2121 usi-

197 2185 290 2248 tatae
319 2185 373 2248 tot
402 2179 648 2262 tragoediarum
669 2181 838 2261 praestet,
862 2196 905 2245 16
928 2196 995 2246 116
1017 2179 1151 2260 quidem
1173 2180 1275 2246 verbo
1296 2197 1381 2262 opus

195 2309 250 2372 661
271 2309 312 2374 11
333 2305 509 2387 explioem.
1475 2385 1479 2406 ‚

240 2428 450 2510 Quamquam
473 2434 591 2496 autem
613 2428 748 2512 Medeae
766 2444 909 2508 nascens
926 2444 1021 2494 amor
1039 2426 1140 2514 huius
1158 2429 1288 2510 generis
1305 2445 1379 2511 poe·
1458 2422 1473 2480 f

195 2569 272 2620 seos
302 2553 454 2620 mansuri
481 2571 541 2637 per
562 2570 648 2620 aeva
668 2553 816 2634 primum
839 2554 1032 2636 exemplum
1055 2553 1136 2632 init,
1160 2552 1380 2632 Alerandrini

194 2676 304 2756 nostri
326 2678 488 2760 digressio
509 2676 583 2742 ilico
605 2675 648 2741 ad
670 2692 846 2742 summum
868 2677 1096 2757 praestantiae
1119 2681 1155 2745 61
1185 2677 1378 2744 venustatis
1468 2763 1474 2773 .

144 2807 147 2812 ’
193 2800 327 2868 culmen
361 2799 534 2882 pervenit,
568 2803 608 2865 ut
637 2797 751 2865 Persis
781 2799 966 2881 profligatis
995 2785 1123 2866 Graeca
1153 2800 1266 2866 divina
1296 2818 1378 2882 1616

193 2924 395 2992 brevissimo
429 2926 580 3006 tempore
613 2923 769 2989 omnibus
802 2923 932 2990 artibus
965 2924 1102 3006 populos
1136 2939 1254 2990 omnes
1283 2923 1379 2991 facile
1427 2967 1430 2977 ‚

193 3053 423 3132 superaverat.
470 3046 580 3128 Quum
614 3049 731 3113 autem
765 3046 928 3130 originem
962 3047 1063 3114 huius
1096 3047 1312 3130 digressionis
1344 3050 1379 3114 et

193 3177 352 3240 naturam
375 3171 630 3254 explicaverim,
655 3188 721 3253 quo
744 3176 884 3254 apparet
905 3171 1119 3254 Apollonium
1141 3172 1288 3239 virtutes
1311 3190 1378 3238 car·

193 3297 297 3364 minis
318 3295 424 3362 aetati
446 3293 694 3362 Alexandrinae
717 3297 754 3360 61
772 3294 919 3362 Graecae
938 3295 1039 3362 indoli
1058 3297 1297 3362 convenientes
1317 3313 1378 3363 suo

194 3420 293 3488 modo
315 3423 351 3486 61
372 3435 434 3485 suo
455 3419 591 3485 arbitrio
612 3419 744 3501 egregie
766 3422 804 3484 et
826 3419 1014 3485 rectissime
1034 3418 1216 3500 creavisse,
1241 3435 1378 3502 pergam

193 3559 329 3610 narrare
358 3547 396 3610 61
424 3543 592 3624 illustrare
622 3543 811 3610 innocentis
841 3542 984 3623 puellae,
1016 3559 1080 3608 non
1105 3543 1174 3608 iam
1197 3558 1296 3609 suam
1318 3543 1378 3610 sed

193 3667 324 3733 Iasonis
346 3668 494 3734 salutem
517 3667 686 3744 curantis,
709 3666 888 3733 candidum
911 3682 1071 3733 amorem.

239 3791 353 3872 Argus
383 3791 503 3872 igitur,
518 3794 574 3858 ut
602 3767 713 3858 Iasoni
726 3791 956 3874 promiserat,
980 3789 1177 3874 Chalciopen
1199 3790 1270 3857 adit
1292 3807 1378 3874 quae

194 3913 347 3981 Medeam
376 3918 472 3996 roget
497 3916 536 3980 ut
558 3914 670 3981 Iasoni
691 3930 789 3997 opem
812 3915 909 3983 ierat.
932 3914 1041 3982 Meter
1059 3915 1101 3981 de
1122 3919 1213 3982 sorte
1235 3915 1378 3984 liliorum

195 4038 337 4106 sollicita
359 4040 395 4104 et
416 4038 519 4104 anxia
542 4039 624 4104 haec
646 4016 720 4121 ipsa
741 4039 810 4106 iam
827 4040 1035 4122 cogitaverat
1056 4039 1115 4105 sed
1134 4039 1246 4105 inanis
1264 4041 1378 4106 metus

196 4167 446 4243 compescuerat
464 4163 644 4244 quominus
662 4163 816 4246 precibus
834 4162 1145 4245 peteretMedeam:
1164 4179 1250 4245 quae
1261 4165 1377 4230 tamen

196 4301 277 4351 mox
310 4301 385 4351 eam
417 4288 644 4368 praeventura
676 4291 750 4354 erat
782 4286 971 4354 609-615.
1007 4285 1091 4367 Quid
1113 4285 1253 4352 Medea?
1286 4284 1377 4367 Quae
