3300 5067
757 484 832 549 -113

365 673 534 753 αἰδόμενοι,
559 674 609 739 ὁτὲ
632 669 824 748 δἀὖτις.ε’πι
849 674 940 756 σφίσι
965 675 1083 754 βόλλον
1106 674 1249 761 όπιοποόρ,
1313 699 1314 704 ’

366 798 481 881 ἱμερόεν
503 798 666 880 Φαιδρῇσιν
688 799 741 863 ὑπ’
764 799 870 880 όφρόσι
894 800 1092 878 μειδιόωντες.

253 921 404 991 Tandem
421 924 577 991 Iasonem
594 924 715 1006 alloqui
732 941 817 991 ausa
839 927 870 991 ei
888 927 1001 998 omnia
1011 932 1166 995 accurate
1178 929 1390 1014 praescribit,

187 1065 296 1130 quae
328 1049 360 1115 ei
389 1044 510 1131 agend
532 1049 604 1115 siut
625 1053 665 1115 ut
687 1048 803 1114 salvus
826 1066 846 1115 e
868 1049 1060 1132 periculosis
1082 1050 1249 1118 laboribus
1272 1069 1293 1118 a
1315 1069 1393 1135 rege

202 1173 316 1238 Aeete
337 1171 509 1254 impositis
532 1172 675 1247 evadat,
697 1176 734 1238 et
756 1173 837 1238 dicit
859 1189 986 1238 versus
1005 1173 1090 1241 1060
1113 1191 1202 1256 σενα
1321 1185 1323 1190 ·

456 1295 490 1359 τὸ
513 1294 547 1359 δὲ
568 1299 649 1367 κῶας
673 1295 704 1367 ἐς
728 1293 872 1359 Ἑλλοόδα
893 1293 956 1359 τοῖό
976 1293 1093 1372 γ’ἕκντι

365 1416 461 1483 οἴσεαι
484 1416 520 1494 ἐξ
541 1417 618 1493 Αἴης
640 1421 730 1492 τηλοῦ
754 1415 840 1483 πόθι.
864 1416 959 1482 νίσσεο
981 1415 1129 1495 δ’ἕμπνς,
1154 1475 1156 1480 ,
1242 1427 1246 1430 ’

275 1561 282 1595 t
366 1539 514 1623 ᾗφόλον,
538 1545 556 1617 ἤ
578 1564 625 1607 τοι
647 1541 734 1606 ἕαδεν
757 1539 970 1621 ἀφορμηθέντι
989 1540 1124 1608 νέεσθαι.
1182 1573 1184 1577 ’
1299 1552 1314 1573 ’·
1334 1561 1359 1628 j

454 1663 492 1739 ὣς
515 1664 552 1748 όορ
578 1663 658 1746 ἔφη,
681 1665 734 1729 καὶ
757 1671 833 1743 σῖγα
856 1665 953 1730 ποδῶν
976 1664 1071 1746 παρος
1092 1665 1166 1732 θόσσε
1184 1667 1326 1746 βαλοῦσα

365 1786 529 1854 θεσπέσιον
552 1797 680 1872 λιαροῖσι
703 1788 841 1870 παρηίδα
865 1788 1093 1870 δόκρνσιδεῦεν

367 1912 535 1994 μυρομένη,
558 1911 613 1986 ό,π’
637 1911 768 1991 ἔμελλεν
791 1910 945 1994 οὶπόπροθι
968 1915 1079 1979 πολλὸν
1102 1911 1166 1980 ἑοῖο

367 2037 471 2104 πόντον
494 2036 769 2115 ἐπιπλάγξεσθαι,
792 2038 897 2119 οὶνινρῷ
921 2037 954 2102 δέ
977 2062 1030 2116 μιν
1052 2037 1142 2114 όιντνν

338 2173 341 2181 “
368 2159 490 2238 ἐξαῦτις
512 2159 603 2242 μύθῳ
625 2161 849 2242 προσεφώνεεν,
873 2156 935 2224 εἷλέ
958 2161 993 2224 τέ
1017 2163 1119 2243 χειρὸς

275 2304 277 2310 ·
367 2286 529 2368 δεξιτερῆς·
552 2287 588 2360 ab
611 2285 672 2367 γαρ
694 2287 720 2351 οἱ
742 2287 799 2350 ἀπ’
822 2283 1010 2367 ὀφθαλμοὺς
1033 2285 1121 2351 λίπεν
1143 2287 1245 2374 αἰδώς.

255 2414 461 2497 Quidquam,
493 2415 581 2496 quod
603 2414 717 2480 verius
740 2418 777 2480 et
795 2414 1023 2495 praestantius
1043 2415 1113 2492 est,
1137 2431 1203 2482 uou
1225 2413 1321 2482 facile
1344 2415 1395 2481 in·

109 2583 112 2586 -
205 2539 337 2605 venias.
368 2539 481 2606 Verba
510 2513 698 2620 postrema,
728 2553 814 2620 quae
845 2537 1019 2611 laudabilis
1042 2538 1152 2622 puella
1174 2539 1217 2605 ad
1238 2539 1393 2606 Iasonem

206 2662 315 2746 dixit,
339 2663 371 2729 ei
392 2663 457 2744 ipsi
479 2665 553 2729 tam
575 2662 648 2728 dira
670 2665 706 2728 et
728 2667 801 2728 tam
823 2661 970 2728 crudelia
979 2664 984 2716 ’.
992 2662 1167 2745 videntur,
1185 2667 1229 2729 ut
1246 2662 1393 2729 lacrimis

206 2786 354 2869 obortis,
385 2784 501 2852 dolens
523 2785 610 2868 quod
631 2802 692 2869 per
714 2787 829 2852 maria
842 2790 898 2852 est
919 2789 1108 2869 erraturos,
1138 2803 1216 2853 eum
1237 2790 1393 2869 precetur

207 2914 252 2976 ut
284 2926 321 2976 se
354 2908 546 2977 recordetur
578 2888 700 2994 (ipsam
726 2908 819 2975 enim
849 2925 886 2975 se
908 2910 982 2975 eius
1004 2919 1191 2991 numquam
1204 2911 1393 2977 obliturum

204 3032 307 3116 esse),
331 3033 361 3099 si
384 3032 521 3099 domum
542 3032 649 3098 redux
672 3033 804 3099 venerit
814 3033 851 3098 et
862 3035 902 3099 ut
914 3031 977 3099 sibi
990 3032 1080 3098 dicat
1091 3033 1229 3099 ubinam
1239 3033 1272 3100 ei
1281 3035 1393 3116 patria

205 3156 259 3222 sit
281 3160 318 3223 et
339 3159 379 3223 ut
397 3158 462 3224 sibi
480 3156 576 3238 plura
598 3156 639 3222 de
661 3155 810 3222 Ariadne
831 3159 946 3223 narret
969 3155 1093 3241 (1076).

256 3279 306 3346 At
347 3279 446 3347 Iason
479 3279 552 3360 ipse
584 3279 731 3348 lacrimis
764 3280 895 3364 puellae
930 3297 1051 3362 magno
1086 3297 1200 3348 amore
1233 3281 1390 3348 incensus

205 3403 352 3470 comiter
382 3403 529 3469 affirmat
559 3420 597 3470 se
627 3420 709 3469 suae
739 3403 860 3470 salutis
881 3403 1026 3470 auctoris
1049 3407 1231 3486 noctesque
1254 3387 1392 3487 diesque

210 3543 396 3593 memorem
429 3527 499 3593 iore
532 3529 569 3592 et
601 3525 770 3593 nonnullis
803 3526 844 3594 de
873 3528 1001 3610 patria,
1036 3526 1077 3593 de
1100 3527 1320 3611 Orchomeno,
1352 3528 1393 3594 de

208 3651 360 3717 Ariadne
393 3651 557 3733 expositis
586 3655 683 3733 optat
711 3655 753 3718 ut
774 3651 902 3719 Aeetes
925 3667 1040 3717 secum
1064 3650 1253 3718 consentiat
1274 3652 1392 3719 eodem

211 3776 310 3843 modo
343 3793 410 3857 quo
438 3775 546 3842 Minos
579 3792 657 3842 cum
687 3775 824 3842 Theseo.
861 3779 910 3842 At
939 3776 1033 3858 virgo
1055 3774 1242 3840 discessum
1263 3773 1393 3842 Iasonis

211 3901 327 3967 dolens
355 3905 392 3968 et
425 3899 467 3966 ad
489 3899 757 3982 desperationem
779 3899 926 3966 adducta
941 3898 1047 3966 dicit:
1071 3903 1204 3983 patrem
1226 3915 1293 3966 uon
1316 3916 1392 3966 esse

208 4024 359 4092 similem
392 4025 494 4091 Minoi
527 4040 635 4105 noque
670 4039 707 4089 se
741 4023 928 4102 Ariadnae3
962 4023 1016 4090 ille
1049 4028 1165 4090 autem
1188 4023 1242 4090 sui
1265 4040 1393 4091 memor

208 4149 275 4226 sit3
311 4149 371 4215 sed
400 4147 499 4214 fama.
521 4163 540 4213 e
569 4147 749 4230 longinqua
777 4150 869 4214 terra
891 4147 946 4214 vel
968 4149 1088 4216 nuntia
1109 4149 1185 4216 avis
1206 4151 1339 4228 veniat,
1362 4150 1391 4214 si

208 4273 339 4340 oblitus
356 4272 458 4338 fuerit
480 4273 644 4356 amantis,
667 4277 728 4338 aut
750 4273 911 4355 procellae
935 4289 971 4338 se
995 4275 1099 4356 agant
1121 4273 1156 4340 iu
1175 4275 1391 4355 conspectum

1325 4379 1347 4443 8
