3300 5067
773 524 816 592 35

204 719 341 787 dacibus
352 719 467 787 nautis
476 720 630 786 infensus
642 724 696 787 est
711 720 754 804 1),
767 736 871 803 seque
882 721 1072 789 consolatur
1083 720 1218 788 miseris
1228 721 1386 803 gentibus

204 843 297 926 Argo
330 842 403 909 fata
430 860 566 927 parare,
600 843 721 911 deinde
743 845 778 910 in
801 847 875 911 toto
896 844 1047 911 carmine
1069 843 1154 911 nihil
1175 844 1217 911 de
1235 844 1386 927 patiente

204 969 241 1033 et
263 965 383 1032 timido
409 966 470 1033 deo
491 966 648 1034 audimus
672 966 739 1033 nisi
761 970 781 1033 2
803 988 813 1033 z
838 967 903 1034 436
926 972 964 1034 et
986 970 1038 1033 4:
1064 968 1137 1035 114.
1162 967 1247 1049 Quid
1269 974 1385 1035 tamen

203 1089 352 1157 effecerit
384 1090 494 1156 hiems
525 1092 561 1157 et
591 1091 626 1157 in
653 1090 792 1173 Vergilii
815 1092 909 1158 etin
926 1090 1053 1157 Valerii
1075 1093 1240 1171 carmine,
1266 1108 1385 1173 operae

202 1215 349 1297 pretium
373 1217 427 1281 est
448 1215 590 1297 intelligi
612 1215 654 1282 ad
677 1216 853 1297 utriusque
874 1220 994 1298 poetae
1018 1217 1192 1299 ingenium
1203 1217 1386 1283 aestiman-

202 1339 293 1405 dum.
323 1338 456 1405 troiani
478 1339 589 1407 hieme
615 1358 636 1405 a
661 1340 787 1407 Iunone
810 1340 959 1406 demissa
981 1358 1060 1408 oum
1081 1342 1217 1421 reliquis
1239 1338 1384 1406 navibus

201 1464 238 1529 in
261 1460 473 1545 Carthaginis
496 1463 594 1530 litora
616 1462 747 1545 depulsi
768 1465 805 1529 et
823 1462 964 1531 comtter
986 1466 1115 1547 accepti
1136 1466 1227 1531 vires
1248 1463 1384 1530 reficere

201 1592 362 1673 possunt,
394 1587 484 1669 quod
516 1587 601 1655 Dido
634 1590 764 1673 ingenti
793 1589 830 1656 in
862 1590 1017 1656 Aeneam
1049 1606 1164 1657 amore
1198 1591 1382 1655 exarserat.

202 1712 294 1793 Quae
317 1716 433 1780 autem
456 1731 477 1779 a
498 1713 715 1781 Troianorum
737 1714 821 1781 duce
843 1714 914 1781 fcto
936 1713 1112 1781 oboriente
1131 1713 1263 1780 deserta
1274 1714 1383 1779 morte

202 1836 267 1903 sibi
289 1838 438 1903 conscita
457 1840 655 1919 praemonet
676 1838 775 1916 bella,
788 1855 875 1921 quae
885 1839 1030 1906 Romani
1041 1855 1119 1904 cum
1131 1836 1382 1919 Carthaginien-

202 1960 297 2025 sibus
331 1965 467 2027 centum
502 1978 561 2044 per
593 1978 700 2028 annos
733 1966 928 2043 gesserunt:
964 1978 1029 2043 quo
1051 1961 1150 2027 modo
1171 1961 1207 2026 in
1230 1960 1380 2027 Africam

202 2100 297 2151 oram
319 2086 479 2168 appulsus
502 2104 580 2154 curn
602 2089 702 2155 rebus
725 2087 866 2153 maximi
886 2087 1049 2152 momenti
1068 2087 1220 2168 apopulo
1231 2086 1382 2152 Romano

120 2286 125 2295 Ι
200 2207 308 2289 gestis
320 2210 490 2277 artissime
498 2211 664 2277 cohaeret.
673 2209 1234 2293 AtValeriusnarratArgonautas
1244 2211 1381 2276 tantum

200 2332 352 2399 maximo
391 2336 517 2400 terrore
557 2333 644 2399 affici
678 2338 714 2399 et
746 2334 844 2399 navis
878 2333 985 2399 scissa
1018 2334 1154 2399 videtur
1186 2334 1260 2415 ipsa
1294 2332 1383 2399 ultro

199 2456 329 2523 refecta
362 2473 448 2522 esse.
482 2456 599 2523 Multis
631 2456 830 2539 ambagibus
862 2474 970 2538 neque
1001 2458 1085 2524 bene
1115 2474 1224 2538 neque
1245 2456 1382 2539 pulchre
1484 2509 1488 2516 .

200 2598 285 2647 usus
317 2581 401 2648 nihil
431 2582 510 2647 nori
539 2581 715 2647 adrerum
738 2581 861 2647 seriem
883 2580 1104 2647 evolvendam
1126 2580 1245 2647 attulit
1266 2579 1383 2645 noster

200 2703 416 2791 (ott-692).

247 2828 432 2897 eea-851.
452 2829 534 2897 Filio
553 2829 663 2896 Peliae
682 2831 773 2896 furto
791 2833 924 2912 arrepto
944 2826 978 2915 2)
990 2829 1106 2911 culpae
1118 2828 1270 2894 conscius
1280 2826 1380 2893 lason
1469 2855 1471 2859 ·

146 2927 149 2932 ’
200 2950 256 3037 (of.
279 2953 402 3019 iterum
421 2953 597 3020 dilucidam
618 2954 901 3034 comparationem
920 2953 1098 3020 ase-493
1109 2952 1186 3039 1)-
1199 2951 1258 3018 sed
1268 2951 1380 3016 Timor

198 3080 237 3142 et
260 3075 369 3142 Minae
393 3076 559 3143 scandunt
582 3076 699 3144 eodem
721 3093 786 3157 quo
808 3078 979 3158 dominus,
1003 3094 1111 3157 neque
1123 3076 1254 3143 decedit
1265 3076 1381 3140 aerata

242 3358 271 3431 1)
292 3360 423 3419 (11.645ε
444 3361 570 3435 quotiens
589 3378 650 3421 mox
670 3364 749 3436 rapta
768 3361 865 3421 videbo
884 3362 946 3420 vela
965 3361 1039 3421 netis
1059 3361 1209 3434 plenasque
1225 3358 1307 3417 malis
1324 3358 1380 3416 cla-

195 3464 319 3525 moribus
339 3466 436 3525 undas.

240 3588 270 3663 2)
300 3590 394 3650 Minus
423 3594 510 3651 recte:
542 3592 573 3651 G.
594 3588 674 3650 Thilo
693 3592 796 3666 proleg.
816 3592 875 3650 XI:
895 3593 970 3667 quod
989 3594 1082 3651 autem
1101 3591 1243 3650 Valerium
1263 3589 1320 3648 dixi
1339 3589 1379 3647 sic

195 3696 282 3755 etiam
310 3714 355 3755 res
384 3698 569 3767 continuasse,
590 3700 623 3756 ut
642 3714 736 3757 omnes
754 3698 827 3757 inter
846 3715 877 3757 se
896 3701 978 3773 aptae
997 3696 1380 3772 colligataequeriderentur,

195 3804 258 3863 eins
278 3806 317 3863 rei
337 3804 457 3877 primum
476 3804 577 3863 librum
596 3804 675 3878 quasi
696 3806 794 3863 testem
805 3805 997 3878 proderevolo.
1028 3804 1149 3863 Concedo
1169 3803 1379 3877 perpetuitatem

194 3909 262 3969 libri
278 3910 360 3984 primi
377 3911 407 3968 in
427 3910 524 3969 Acasti
545 3912 619 3969 tuito
638 3914 667 3970 et
686 3914 772 3971 morte
792 3914 938 3985 parentum
958 3912 1026 3971 bene
1045 3928 1075 3971 se
1094 3910 1207 3980 habere,
1229 3909 1277 3968 sed
1296 3908 1379 3967 Iason

192 4018 331 4076 Acastum
350 4033 405 4076 non
426 4034 518 4077 secum
538 4018 650 4077 abduxit
669 4020 701 4075 ut
719 4016 840 4077 obsidem
850 4019 932 4092 (quod
942 4017 1067 4092 perhibet
1076 4016 1167 4091 Thilo)
1178 4033 1241 4075 eum
1250 4015 1381 4075 retineret

193 4124 245 4183 sed
266 4126 317 4182 «ut
336 4124 462 4183 invenem
482 4124 512 4182 in
532 4141 612 4183 casus
632 4125 779 4198 eademque
799 4124 922 4198 pericula
941 4125 1075 4183 Acastum
1096 4124 1232 4198 abripiat»
1254 4123 1289 4182 cf.
1311 4120 1379 4179 153.

190 4231 271 4290 Laus
297 4230 330 4289 de
355 4230 408 4288 hac
428 4231 609 4304 perpetuitate
629 4230 692 4289 libri
711 4230 795 4305 primi
814 4230 885 4289 nihil
905 4230 952 4302 fit,
973 4248 1036 4289 cum
1056 4248 1147 4291 rerum
1167 4230 1261 4289 ordine
1282 4228 1379 4299 Iason,
1397 4229 1399 4238 “

191 4336 251 4397 dux
271 4336 469 4409 primaenaviS,
491 4336 549 4411 ipse
569 4336 767 4411 imprudentiae
787 4338 958 4395 accusandus
978 4337 1024 4395 sit
