3300 5067
745 522 788 590 73

174 719 382 786 vaticinatus
401 724 485 787 erat.
509 720 707 805 Apollonius
720 718 754 806 1)
772 721 888 786 narrat
905 719 1079 786 athenam
1098 719 1217 787 statim
1236 718 1359 786 acaelo

172 842 388 909 descendisse
411 843 512 926 (quod
533 843 757 927 pulcherrima
777 843 1030 924 comparatione
1052 843 1237 910 illustravit
1257 843 1359 926 Apol·

173 967 286 1034 lonins
315 965 522 1054 541—548),
556 972 597 1034 ut
628 970 753 1033 nautas
774 966 963 1033 adiuvaret.
997 967 1066 1034 Res
1087 967 1162 1050 ipsa
1182 983 1285 1034 causa
1306 972 1361 1035 est

175 1106 236 1156 cur
266 1090 330 1157 duo
360 1096 480 1175 poetae
509 1092 722 1158 enarratione
751 1108 819 1157 non
850 1090 997 1158 multum
1019 1090 1109 1157 inter
1131 1107 1169 1158 se
1191 1089 1358 1158 differant.

173 1214 371 1298 colymbam
405 1220 521 1282 autem
555 1216 681 1281 Phineo
713 1216 849 1282 auctore
882 1216 924 1282 ab
958 1213 1132 1297 Euphemo
1154 1217 1296 1283 missam
1319 1221 1360 1282 ut

174 1339 411 1422 experirentur
440 1344 557 1408 utrum
577 1341 745 1407 transitus
766 1343 901 1422 pateret
921 1355 1027 1405 necne
1048 1340 1164 1406 omisit
1185 1338 1360 1421 Valeriae,

174 1467 218 1529 ut
247 1463 402 1531 versibus
432 1479 563 1547 quoque
586 1462 754 1544 Apollonii
780 1461 957 1528 533-535
992 1461 1195 1546 gratissimis
1217 1461 1362 1528 latinum

174 1603 311 1654 carmen
343 1592 466 1656 careat.
500 1588 680 1656 Praeterea
709 1586 1048 1654 animadvertendum
1071 1591 1125 1654 est
1147 1586 1361 1670 Apollonium

173 1727 269 1777 mare
291 1717 472 1796 aestuans,
496 1712 663 1779 undarum
683 1710 876 1796 fremitum,
900 1728 1024 1778 navem
1034 1709 1362 1778 violentisductibus

173 1837 241 1900 huc
263 1839 365 1917 atque
387 1836 465 1903 illuc
482 1837 661 1914 iactatam,
684 1840 867 1904 nautarum
885 1835 1032 1903 laborem
1051 1839 1087 1902 et
1105 1835 1219 1901 nisum
1237 1835 1362 1902 maiore

174 1959 305 2042 dicendi
326 1961 362 2026 vi
383 1959 601 2041 descripsisse
624 1957 766 2025 Valerio.
791 1957 946 2026 Valerius
967 1960 1058 2026 enim
1081 1959 1116 2024 in
1136 1958 1360 2041 descriptioni·

175 2084 240 2148 bus
269 2082 389 2166 frigido
419 2089 456 2150 et
485 2100 571 2165 vago
594 2082 692 2149 modo
714 2083 842 2165 utitur,
865 2082 963 2164 quasi
985 2086 1224 2165 argumentum
1248 2086 1284 2149 et
1306 2098 1362 2148 res

173 2207 268 2288 ipsae
290 2223 370 2274 eum
392 2225 459 2274 non
481 2206 597 2272 ardore
616 2205 747 2286 poetico
768 2210 805 2272 et
816 2205 929 2272 studio
941 2206 1164 2273 inflamment.
1188 2204 1363 2288 inquibus

174 2332 352 2398 narrandis
385 2335 477 2398 recte
506 2331 773 2412 comparationes
805 2345 872 2395 non
896 2328 1048 2396 adhibuit
1069 2327 1282 2412 Apollonius,
1305 2329 1363 2410 qui

175 2454 272 2521 illum
305 2473 365 2538 per
397 2473 498 2538 rupes
531 2455 680 2522 letiferas
712 2454 897 2520 transitum
922 2456 1019 2520 tanta
1041 2453 1188 2520 veritate
1211 2453 1364 2536 depinxit

176 2579 260 2660 581,
293 2584 333 2646 ut
366 2579 461 2645 lacsse
494 2580 620 2661 fingere
653 2578 823 2659 possimus
853 2593 915 2643 nos
944 2575 1122 2643 mediisin
1146 2578 1246 2643 rebus
1269 2593 1362 2642 esse:

176 2704 261 2768 bene
282 2703 374 2768 enim
397 2703 488 2768 cavit
510 2702 572 2768 hoc
593 2701 664 2799 loco
685 2700 954 2785 Alexandrinae,
978 2717 1022 2768 ne
1040 2701 1362 2783 comparationibus

175 2842 263 2906 quae
284 2795 448 2908 imagines
466 2828 509 2894 ab
527 2829 727 2908 argumento
743 2825 871 2892 alienas
889 2824 1060 2892 mentibus
1078 2823 1195 2890 afferre
1214 2823 1362 2907 soleant,

174 2950 339 3017 lectorum
365 2951 497 3016 animos
526 2967 547 3016 a
577 2967 614 3016 re
645 2951 721 3033 ipsa
744 2953 874 3017 avocet.
912 2947 1185 3031 comparationes
1207 2947 1381 3032 adhibere⁸

175 3074 287 3140 solent
319 3074 405 3156 epici
438 3091 505 3139 non
539 3079 610 3140 tam
645 3073 688 3139 ad
722 3082 883 3140 externas
910 3089 965 3138 res
988 3071 1174 3155 pingendas
1196 3087 1299 3154 quam
1321 3071 1364 3137 ad

175 3198 361 3280 qualitates
387 3198 562 3263 hominum
584 3196 828 3262 animaliumve
850 3196 1067 3263 illustrandas
1090 3211 1270 3277 eorumque
1292 3195 1363 3262 vim

179 3322 234 3389 vel
256 3321 526 3403 magnitudinem
547 3320 658 3387 fusius
680 3320 941 3386 describendam.
958 3319 1071 3386 Bonae
1093 3321 1184 3386 enim
1195 3337 1364 3402 compara·

178 3446 283 3513 tionis
305 3449 360 3512 est
381 3462 448 3511 non
470 3444 613 3510 alteram
635 3445 818 3526 imaginem
840 3446 957 3512 lectori
979 3445 1135 3527 prolerre,
1159 3444 1365 3512 seddemon·

180 3576 291 3637 strare
323 3585 408 3652 quos
437 3571 552 3635 status
578 3568 633 3634 vel
663 3571 778 3634 motus
807 3569 955 3635 habeant
976 3585 1031 3634 res
1054 3572 1090 3634 et
1112 3567 1274 3634 homines.
1308 3566 1364 3633 Ad

220 3790 250 3863 1)
277 3790 405 3850 Valerius
422 3790 556 3850 Iunonem
575 3805 684 3864 quoque
702 3789 880 3862 Argonautas
900 3789 994 3848 iuvare
1013 3789 1102 3848 finxit

219 3897 403 3971 Apollodorus
429 3896 504 3955 Bibl.
533 3897 549 3955 1
572 3918 579 3954 ε
601 3895 620 3955 9
641 3917 648 3954 :
669 3894 708 3954 22
730 3916 737 3954 ι
758 3896 778 3954 5
806 3896 894 3955 solam
924 3894 1040 3954 lunonis
1060 3912 1138 3969 opem
1159 3897 1367 3966 commemorat,
1417 3913 1423 3927 “

177 4005 239 4063 sine
258 4002 340 4061 dubio
356 4001 429 4077 quod
448 4001 557 4076 proprie
576 4001 693 4060 Iunonis
712 4002 801 4060 tutela
816 4002 884 4060 tecti
903 4003 1081 4076 Argonautae
1100 4002 1153 4061 iter
1173 4001 1306 4062 fecerunt.

218 4109 402 4183 Apollodorus
423 4109 453 4180 (i
476 4129 483 4166 ε
505 4108 523 4167 9
544 4129 551 4166 :
572 4107 611 4165 22
632 4129 640 4166 :
661 4108 710 4181 3),
730 4110 840 4166 tantum
860 4108 1060 4182 mythologicus
1080 4109 1205 4184 scriptor,
1226 4107 1367 4183 Apollonii

178 4215 371 4291 Argonautica
391 4214 491 4273 melius
510 4231 594 4288 qnam
613 4191 742 4273 Valerius
752 4213 960 4288 Flaccuspoeta
971 4217 1082 4272 secutis
1092 4217 1142 4273 est.
1164 4214 1237 4274 Nam
1254 4213 1368 4289 Apollo·

179 4321 263 4382 dorus
273 4336 392 4394 quoque,
414 4323 493 4394 grata
503 4319 644 4394 Apollonii
655 4319 835 4394 descriptione
846 4322 958 4394 captus,
971 4319 1109 4395 colymbae
1118 4320 1284 4381 mentionem
1294 4318 1368 4378 fecit
