3300 5067
870 494 915 565 20

300 697 416 779 Argus
448 692 627 761 Astorldes
659 706 789 775 quoque
823 692 1061 770 advenissent,
1093 691 1205 759 Iasoni
1226 690 1423 774 adhortatu,
1446 692 1489 757 ut

299 820 422 886 dnoem
452 817 595 902 eligant,
626 822 764 901 auctore
786 815 951 896 Hercule,
972 832 1075 899 quem
1097 832 1216 884 omnes
1236 815 1317 883 navi
1336 814 1489 898 praefer-

302 943 371 1011 turi
393 945 509 1025 erant,
532 958 706 1009 summum
728 942 909 1025 imperium
927 941 1093 1009 traditum
1110 945 1175 1008 est
1194 940 1374 1023 Hercules,
1392 938 1490 1005 fama

302 1069 340 1133 et
361 1066 475 1133 robore
501 1064 598 1133 laoile
619 1068 774 1150 prinoeps
796 1068 888 1134 inter
908 1082 1017 1149 pares,
1040 1064 1171 1133 Iesonis
1193 1063 1295 1132 sociis
1304 1063 1490 1131 adiunctus

302 1193 374 1268 est,
398 1205 504 1271 quum
525 1190 567 1257 de
588 1190 865 1274 Argonautarum
885 1190 1006 1257 itinere
1015 1190 1128 1261 hhula
1137 1191 1188 1257 ita
1198 1191 1291 1257 esset
1301 1187 1488 1267 celebrata,

304 1317 346 1380 ut
366 1329 483 1380 omnes
504 1314 623 1382 heroes
646 1312 866 1396 mythologioi
887 1314 1051 1395 temporis
1074 1312 1205 1381 Iasonis
1224 1313 1368 1380 comites
1378 1312 1490 1379 luisse

305 1437 502 1505 dioerentur.
525 1438 696 1505 Honorem
718 1440 836 1505 autem
857 1438 1010 1505 oblatum
1020 1442 1194 1505 reonssret
1203 1436 1367 1504 Hercules
1377 1452 1491 1517 neque

297 1564 431 1648 primas
452 1568 568 1648 partes
590 1568 706 1646 ageret
727 1578 866 1629 neeesse
876 1563 1365 1648 erat,quodhaeollinyarum
1376 1561 1492 1629 fabula

305 1690 456 1771 tempore
489 1689 624 1754 mutata
653 1685 799 1753 Aesonis
821 1686 965 1769 stirpem
996 1686 1152 1753 laudibus
1172 1686 1288 1754 tollere
1306 1687 1490 1770 inosperat

304 1812 397 1893 Quae
430 1810 525 1878 obliti
546 1809 697 1877 nonnulli
726 1813 881 1877 auctores
906 1809 938 1894 1)
961 1810 1141 1877 Herculem
1158 1811 1258 1879 aooiis
1279 1810 1492 1893 praefectum

298 1949 384 2001 esse
402 1934 585 2001 finxerunt.
608 1930 695 2001 Vide
716 1936 835 2000 autem
856 1935 1026 2016 poeuoum
1047 1934 1221 2017 ingenium
1239 1940 1276 2002 et
1297 1940 1491 2017 temperan-

307 2058 395 2125 tiam
424 2056 607 2124 multorum
637 2056 767 2123 iudiciis
789 2058 895 2138 spreti
916 2056 1099 2141 Apollonii!
1123 2058 1387 2142 complurimis
1410 2059 1492 2126 loeis

305 2181 364 2265 (ut
394 2178 642 2266 demonstrabo)
675 2178 832 2248 Valerius
866 2181 978 2249 Iasoni
1000 2183 1181 2250 Herculem
1202 2185 1437 2267 praeposuerit
1457 2184 1493 2248 et

308 2304 403 2371 duola
431 2304 539 2388 ipsius
571 2304 694 2371 damno
715 2304 866 2372 athletae
888 2306 980 2372 faeta
1001 2306 1233 2389 virtutemque
1254 2304 1490 2385 oelehraverit,

309 2426 504 2512 Apollonius
537 2429 660 2495 honore
693 2428 806 2496 debito
840 2428 978 2496 Herculi
1010 2431 1138 2497 tributo
1159 2431 1229 2498 fere
1250 2431 1386 2498 silentio
1410 2445 1490 2497 eum

308 2553 481 2636 praeterit,
502 2552 606 2619 donee
627 2552 719 2635 Hyla
741 2570 762 2618 a
785 2554 936 2636 nympha
957 2552 992 2620 in
1005 2553 1116 2637 Hysia
1126 2556 1270 2637 arrepto,
1284 2554 1378 2622 luctu
1390 2557 1428 2622 et
1441 2554 1490 2619 ira

303 2681 481 2759 tineamus,
504 2677 540 2743 in
569 2674 741 2743 montibus
763 2692 881 2743 errans
902 2693 925 2743 a
946 2678 1047 2745 sotiis
1068 2678 1206 2745 relictus
1227 2681 1292 2746 est.

354 2802 477 2869 Postea
488 2802 588 2868 Iason
600 2802 703 2867 hoves
714 2799 859 2867 seleotos
870 2816 980 2885 agere,
992 2818 1183 2884 navemque
1194 2802 1230 2868 in
1242 2818 1336 2869 mere
1347 2805 1491 2883 trahere,

311 2926 569 3009 sramApolloni
581 2925 738 2992 Hmhasio
750 2924 1492 3011 statueretussitmegentiquomodomsgua

307 3048 348 3115 ui
381 3052 417 3115 et
446 3048 587 3115 iuvante
616 3049 777 3127 elamore,
804 3048 981 3132 phalangis
1003 3050 1138 3129 stratis,
1162 3052 1266 3118 remis
1287 3051 1491 3135 pedibusque

311 3174 462 3240 nitentes
490 3190 550 3255 per
570 3173 709 3240 ductam
726 3173 855 3240 fossum
878 3190 1003 3241 narem
1019 3174 1055 3240 in
1073 3168 1167 3242 mare
1188 3176 1387 3259 detrahent,
1412 3190 1492 3243 mox

311 3312 513 3379 persuasum
534 3298 600 3364 erit
620 3297 796 3380 Apollonio
818 3312 936 3365 veram
958 3302 996 3365 et
1016 3286 1139 3380 puram
1156 3301 1302 3368 indolem
1323 3302 1490 3384 poetieam

312 3436 405 3502 esse,
428 3437 496 3502 qua
517 3426 675 3487 naturam
705 3438 818 3488 rerum
848 3422 1090 3505 hominumque
1108 3440 1190 3491 vere
1211 3429 1249 3493 et
1270 3426 1436 3493 vivaciter
1458 3425 1492 3488 et

313 3546 456 3613 iuounde
486 3544 685 3628 depinxerit
714 3544 888 3611 Transtris
909 3550 1001 3613 sorte
1028 3546 1162 3624 divisis,
1188 3547 1308 3615 deinde
1327 3549 1491 3632 lepidium

314 3669 482 3737 devolutis
518 3668 561 3735 ad
593 3668 834 3737 aedificandam
862 3686 974 3753 aram,
1007 3671 1194 3738 seeundum
1218 3673 1491 3743 ‚remotissimum

313 3796 451 3875 tempus
474 3793 566 3860 omni
587 3795 710 3860 ornatu
727 3796 764 3860 et
785 3794 871 3861 luxu
882 3794 1311 3875 carentem‚lesonmultis
1321 3795 1491 3863 amritieiis

313 3916 489 3997 promissis
500 3918 542 3983 ab
550 3916 714 4000 Apolline,
725 3918 783 3999 qui
794 3918 1006 3999 inApollonii
1017 3919 1166 3985 carmine
1176 3919 1283 3987 multo
1293 3920 1381 4004 plus,
1391 3934 1491 4004 quam

316 4038 408 4105 Hera
429 4040 504 4122 ipsa
525 4038 600 4106 duci
621 4039 734 4122 favet,
759 4040 892 4108 salvum
914 4040 1068 4135 reditum·
1083 4047 1248 4123 precatur.

357 4282 804 4363 1)OiDiodorusl:4123.
877 4303 886 4323 ⁴
