<?xml version="1.0" encoding="UTF-8"?>
<!DOCTYPE html PUBLIC "-//W3C//DTD XHTML 1.0 Transitional//EN"
    "http://www.w3.org/TR/xhtml1/DTD/xhtml1-transitional.dtd">
<html xmlns="http://www.w3.org/1999/xhtml" xml:lang="en" lang="en">
 <head>
  <title>
</title>
<meta http-equiv="Content-Type" content="text/html;charset=utf-8" />
  <meta name='ocr-system' content='tesseract 3.04.00' />
  <meta name='ocr-capabilities' content='ocr_page ocr_carea ocr_par ocr_line ocrx_word'/>
</head>
<body>
  <div class='ocr_page' id='page_1' title='image "./deapolloniirhod00moltgoog_0080.png"; bbox 0 0 3300 5067; ppageno 0'>
   <div class='ocr_carea' id='block_1_1' title="bbox 518 1325 1298 1540">
    <p class='ocr_par' dir='ltr' id='par_1_1' title="bbox 518 1325 1298 1540">
     <span class='ocr_line' id='line_1_1' title="bbox 518 1325 1298 1418; baseline -0.001 -18"><span class='ocrx_word' id='word_1_1' title='bbox 518 1329 678 1418; x_wconf 71' lang='lat' dir='ltr'>Apollonii</span> <span class='ocrx_word' id='word_1_2' title='bbox 702 1328 814 1402; x_wconf 73' lang='grc' dir='ltr'>ΜΙΙ</span> <span class='ocrx_word' id='word_1_3' title='bbox 836 1327 919 1402; x_wconf 80' lang='lat' dir='ltr'>iiber</span> <span class='ocrx_word' id='word_1_4' title='bbox 940 1327 1104 1402; x_wconf 70' lang='lat' dir='ltr'>maior</span> <span class='ocrx_word' id='word_1_5' title='bbox 1125 1325 1242 1400; x_wconf 69' lang='lat' dir='ltr'>i-ole</span> <span class='ocrx_word' id='word_1_6' title='bbox 1262 1328 1298 1400; x_wconf 83' lang='lat' dir='ltr'>oi</span> 
     </span>
     <span class='ocr_line' id='line_1_2' title="bbox 705 1451 1099 1540; baseline -0.005 -16"><span class='ocrx_word' id='word_1_7' title='bbox 705 1453 786 1526; x_wconf 74' lang='lat' dir='ltr'>iiber</span> <span class='ocrx_word' id='word_1_8' title='bbox 807 1452 948 1540; x_wconf 70' lang='lat' dir='ltr'>norrun</span> <span class='ocrx_word' id='word_1_9' title='bbox 970 1451 1099 1526; x_wconf 62' lang='lat' dir='ltr'>inicii.</span> 
     </span>
    </p>
   </div>
   <div class='ocr_carea' id='block_1_2' title="bbox 314 1664 1607 2372">
    <p class='ocr_par' dir='ltr' id='par_1_2' title="bbox 314 1664 1607 2372">
     <span class='ocr_line' id='line_1_3' title="bbox 358 1664 1488 1753; baseline -0.008 -15"><span class='ocrx_word' id='word_1_10' title='bbox 358 1669 516 1738; x_wconf 86' lang='lat' dir='ltr'>Nondum</span> <span class='ocrx_word' id='word_1_11' title='bbox 544 1668 720 1737; x_wconf 87' lang='lat' dir='ltr'>Valerium</span> <span class='ocrx_word' id='word_1_12' title='bbox 742 1668 806 1737; x_wconf 86' lang='lat' dir='ltr'>sibi</span> <span class='ocrx_word' id='word_1_13' title='bbox 829 1671 1018 1753; x_wconf 82' lang='lat' dir='ltr'>temperare</span> <span class='ocrx_word' id='word_1_14' title='bbox 1039 1667 1075 1734; x_wconf 92' lang='lat' dir='ltr'>in</span> <span class='ocrx_word' id='word_1_15' title='bbox 1097 1666 1208 1734; x_wconf 84' lang='lat' dir='ltr'>sabula</span> <span class='ocrx_word' id='word_1_16' title='bbox 1229 1667 1271 1733; x_wconf 87' lang='lat' dir='ltr'>de</span> <span class='ocrx_word' id='word_1_17' title='bbox 1293 1664 1436 1740; x_wconf 79' lang='lat' dir='ltr'>Hercule</span> <span class='ocrx_word' id='word_1_18' title='bbox 1456 1665 1488 1729; x_wconf 87' lang='lat' dir='ltr'>et</span> 
     </span>
     <span class='ocr_line' id='line_1_4' title="bbox 314 1788 1488 1878; baseline -0.005 -16"><span class='ocrx_word' id='word_1_19' title='bbox 314 1793 406 1878; x_wconf 87' lang='lat' dir='ltr'>Hyla</span> <span class='ocrx_word' id='word_1_20' title='bbox 428 1792 613 1860; x_wconf 86' lang='lat' dir='ltr'>enarranda</span> <span class='ocrx_word' id='word_1_21' title='bbox 634 1792 716 1859; x_wconf 89' lang='lat' dir='ltr'>sinit</span> <span class='ocrx_word' id='word_1_22' title='bbox 737 1792 950 1874; x_wconf 76' lang='lat' dir='ltr'>Apolloniam</span> <span class='ocrx_word' id='word_1_23' title='bbox 971 1793 1163 1876; x_wconf 87' lang='lat' dir='ltr'>argumenti</span> <span class='ocrx_word' id='word_1_24' title='bbox 1184 1790 1347 1858; x_wconf 83' lang='lat' dir='ltr'>dilatandi</span> <span class='ocrx_word' id='word_1_25' title='bbox 1368 1788 1488 1874; x_wconf 86' lang='lat' dir='ltr'>cupido.</span> 
     </span>
     <span class='ocr_line' id='line_1_5' title="bbox 315 1913 1607 2000; baseline -0.005 -16"><span class='ocrx_word' id='word_1_26' title='bbox 315 1919 430 2000; x_wconf 80' lang='lat' dir='ltr'>Pergit</span> <span class='ocrx_word' id='word_1_27' title='bbox 462 1933 596 1984; x_wconf 79' lang='lat' dir='ltr'>namara</span> <span class='ocrx_word' id='word_1_28' title='bbox 629 1915 745 1984; x_wconf 89' lang='lat' dir='ltr'>Iovem</span> <span class='ocrx_word' id='word_1_29' title='bbox 777 1917 829 1984; x_wconf 87' lang='lat' dir='ltr'>ira</span> <span class='ocrx_word' id='word_1_30' title='bbox 857 1933 1058 1984; x_wconf 87' lang='lat' dir='ltr'>succensum</span> <span class='ocrx_word' id='word_1_31' title='bbox 1092 1915 1254 1983; x_wconf 88' lang='lat' dir='ltr'>Iunonem</span> <span class='ocrx_word' id='word_1_32' title='bbox 1277 1915 1425 1997; x_wconf 87' lang='lat' dir='ltr'>graviter</span> <span class='ocrx_word' id='word_1_33' title='bbox 1445 1913 1488 1978; x_wconf 87' lang='lat' dir='ltr'>iu-</span> <span class='ocrx_word' id='word_1_34' title='bbox 1606 1947 1607 1966; x_wconf 34' lang='grc' dir='ltr'><strong>κ</strong></span> 
     </span>
     <span class='ocr_line' id='line_1_6' title="bbox 316 2038 1486 2123; baseline -0.004 -16"><span class='ocrx_word' id='word_1_35' title='bbox 316 2042 504 2123; x_wconf 80' lang='lat' dir='ltr'><strong>crepuisse:</strong></span> <span class='ocrx_word' id='word_1_36' title='bbox 522 2042 571 2108; x_wconf 88' lang='lat' dir='ltr'>sic</span> <span class='ocrx_word' id='word_1_37' title='bbox 585 2041 748 2108; x_wconf 88' lang='lat' dir='ltr'>Iunonem</span> <span class='ocrx_word' id='word_1_38' title='bbox 765 2040 905 2108; x_wconf 82' lang='lat' dir='ltr'>anxiam</span> <span class='ocrx_word' id='word_1_39' title='bbox 923 2039 1143 2107; x_wconf 86' lang='lat' dir='ltr'>curisdncem</span> <span class='ocrx_word' id='word_1_40' title='bbox 1154 2039 1343 2108; x_wconf 82' lang='lat' dir='ltr'>Aesonium</span> <span class='ocrx_word' id='word_1_41' title='bbox 1354 2038 1486 2111; x_wconf 80' lang='lat' dir='ltr'>fovisse,</span> 
     </span>
     <span class='ocr_line' id='line_1_7' title="bbox 317 2162 1489 2248; baseline -0.004 -17"><span class='ocrx_word' id='word_1_42' title='bbox 317 2166 366 2232; x_wconf 92' lang='lat' dir='ltr'>sic</span> <span class='ocrx_word' id='word_1_43' title='bbox 387 2182 482 2232; x_wconf 90' lang='lat' dir='ltr'>arma</span> <span class='ocrx_word' id='word_1_44' title='bbox 503 2165 575 2231; x_wconf 88' lang='lat' dir='ltr'>viro</span> <span class='ocrx_word' id='word_1_45' title='bbox 598 2168 634 2232; x_wconf 86' lang='lat' dir='ltr'>et</span> <span class='ocrx_word' id='word_1_46' title='bbox 656 2163 765 2231; x_wconf 89' lang='lat' dir='ltr'>socios</span> <span class='ocrx_word' id='word_1_47' title='bbox 786 2165 999 2232; x_wconf 78' lang='lat' dir='ltr'>ministrare!</span> <span class='ocrx_word' id='word_1_48' title='bbox 1019 2164 1142 2232; x_wconf 84' lang='lat' dir='ltr'>Mirum</span> <span class='ocrx_word' id='word_1_49' title='bbox 1158 2167 1214 2230; x_wconf 89' lang='lat' dir='ltr'>est</span> <span class='ocrx_word' id='word_1_50' title='bbox 1231 2162 1319 2245; x_wconf 86' lang='lat' dir='ltr'>quod</span> <span class='ocrx_word' id='word_1_51' title='bbox 1338 2163 1489 2248; x_wconf 88' lang='lat' dir='ltr'>Iuppiter,</span> 
     </span>
     <span class='ocr_line' id='line_1_8' title="bbox 316 2267 1490 2372; baseline -0.003 -17"><span class='ocrx_word' id='word_1_52' title='bbox 316 2306 418 2372; x_wconf 88' lang='lat' dir='ltr'>quem</span> <span class='ocrx_word' id='word_1_53' title='bbox 452 2306 611 2356; x_wconf 91' lang='lat' dir='ltr'>severum</span> <span class='ocrx_word' id='word_1_54' title='bbox 643 2293 680 2355; x_wconf 87' lang='lat' dir='ltr'>et</span> <span class='ocrx_word' id='word_1_55' title='bbox 714 2267 958 2372; x_wconf 65' lang='lat' dir='ltr'>implacabilem</span> <span class='ocrx_word' id='word_1_56' title='bbox 990 2288 1054 2356; x_wconf 82' lang='lat' dir='ltr'>fati</span> <span class='ocrx_word' id='word_1_57' title='bbox 1087 2288 1251 2355; x_wconf 86' lang='lat' dir='ltr'>arbitrum</span> <span class='ocrx_word' id='word_1_58' title='bbox 1279 2287 1490 2370; x_wconf 88' lang='lat' dir='ltr'>cognovimus</span> 
     </span>
    </p>
   </div>
   <div class='ocr_carea' id='block_1_3' title="bbox 316 2411 1498 4357">
    <p class='ocr_par' dir='ltr' id='par_1_3' title="bbox 316 2411 1498 4357">
     <span class='ocr_line' id='line_1_9' title="bbox 319 2411 1491 2497; baseline -0.002 -16"><span class='ocrx_word' id='word_1_59' title='bbox 319 2414 567 2497; x_wconf 82' lang='lat'>1:531-573,</span> <span class='ocrx_word' id='word_1_60' title='bbox 590 2415 640 2480; x_wconf 89' lang='lat' dir='ltr'>ira</span> <span class='ocrx_word' id='word_1_61' title='bbox 661 2413 697 2480; x_wconf 91' lang='lat' dir='ltr'>in</span> <span class='ocrx_word' id='word_1_62' title='bbox 718 2413 881 2481; x_wconf 90' lang='lat' dir='ltr'>Iunonem</span> <span class='ocrx_word' id='word_1_63' title='bbox 903 2418 1093 2481; x_wconf 87' lang='lat' dir='ltr'>commotus</span> <span class='ocrx_word' id='word_1_64' title='bbox 1114 2414 1264 2480; x_wconf 89' lang='lat' dir='ltr'>minatur</span> <span class='ocrx_word' id='word_1_65' title='bbox 1286 2429 1324 2480; x_wconf 88' lang='lat' dir='ltr'>se</span> <span class='ocrx_word' id='word_1_66' title='bbox 1342 2430 1403 2496; x_wconf 91' lang='lat' dir='ltr'>pro</span> <span class='ocrx_word' id='word_1_67' title='bbox 1419 2411 1491 2494; x_wconf 84' lang='lat' dir='ltr'>Scy·</span> 
     </span>
     <span class='ocr_line' id='line_1_10' title="bbox 317 2539 1492 2622; baseline -0.004 -16"><span class='ocrx_word' id='word_1_68' title='bbox 317 2539 390 2606; x_wconf 90' lang='lat' dir='ltr'>thia</span> <span class='ocrx_word' id='word_1_69' title='bbox 401 2543 436 2606; x_wconf 90' lang='lat' dir='ltr'>et</span> <span class='ocrx_word' id='word_1_70' title='bbox 448 2539 570 2605; x_wconf 86' lang='lat' dir='ltr'>misero</span> <span class='ocrx_word' id='word_1_71' title='bbox 580 2555 657 2621; x_wconf 91' lang='lat' dir='ltr'>rege</span> <span class='ocrx_word' id='word_1_72' title='bbox 667 2539 777 2606; x_wconf 88' lang='lat' dir='ltr'>Aeete</span> <span class='ocrx_word' id='word_1_73' title='bbox 787 2554 913 2620; x_wconf 88' lang='lat' dir='ltr'>poenas</span> <span class='ocrx_word' id='word_1_74' title='bbox 924 2542 1141 2622; x_wconf 82' lang='lat' dir='ltr'>sumpturum</span> <span class='ocrx_word' id='word_1_75' title='bbox 1152 2539 1429 2620; x_wconf 87' lang='lat' dir='ltr'>esse;praeterea</span> <span class='ocrx_word' id='word_1_76' title='bbox 1439 2552 1492 2618; x_wconf 87' lang='lat' dir='ltr'>pro</span> 
     </span>
     <span class='ocr_line' id='line_1_11' title="bbox 316 2659 1492 2746; baseline -0.004 -15"><span class='ocrx_word' id='word_1_77' title='bbox 316 2664 468 2746; x_wconf 79' lang='lat' dir='ltr'><strong>Absyrto</strong></span> <span class='ocrx_word' id='word_1_78' title='bbox 486 2667 560 2730; x_wconf 90' lang='lat' dir='ltr'>tam</span> <span class='ocrx_word' id='word_1_79' title='bbox 577 2661 754 2729; x_wconf 85' lang='lat' dir='ltr'>crudeliter</span> <span class='ocrx_word' id='word_1_80' title='bbox 772 2662 950 2730; x_wconf 84' lang='lat' dir='ltr'>interiecto</span> <span class='ocrx_word' id='word_1_81' title='bbox 968 2678 1076 2746; x_wconf 90' lang='lat' dir='ltr'>poena</span> <span class='ocrx_word' id='word_1_82' title='bbox 1085 2661 1201 2728; x_wconf 88' lang='lat' dir='ltr'>futura</span> <span class='ocrx_word' id='word_1_83' title='bbox 1210 2663 1284 2729; x_wconf 82' lang='lat' dir='ltr'>erat</span> <span class='ocrx_word' id='word_1_84' title='bbox 1294 2661 1414 2727; x_wconf 86' lang='lat' dir='ltr'>caedes</span> <span class='ocrx_word' id='word_1_85' title='bbox 1423 2659 1492 2726; x_wconf 87' lang='lat' dir='ltr'>libe</span> 
     </span>
     <span class='ocr_line' id='line_1_12' title="bbox 316 2784 1493 2872; baseline -0.005 -18"><span class='ocrx_word' id='word_1_86' title='bbox 316 2805 440 2870; x_wconf 89' lang='lat' dir='ltr'>rorum,</span> <span class='ocrx_word' id='word_1_87' title='bbox 452 2804 536 2869; x_wconf 89' lang='lat' dir='ltr'>quos</span> <span class='ocrx_word' id='word_1_88' title='bbox 546 2785 645 2853; x_wconf 88' lang='lat' dir='ltr'>Iason</span> <span class='ocrx_word' id='word_1_89' title='bbox 656 2786 832 2869; x_wconf 87' lang='lat' dir='ltr'>geniturus</span> <span class='ocrx_word' id='word_1_90' title='bbox 843 2786 1086 2872; x_wconf 68' lang='lat' dir='ltr'>erataHedea</span> <span class='ocrx_word' id='word_1_91' title='bbox 1095 2787 1196 2853; x_wconf 84' lang='lat' dir='ltr'>facia.</span> <span class='ocrx_word' id='word_1_92' title='bbox 1207 2785 1270 2852; x_wconf 84' lang='lat' dir='ltr'>Est</span> <span class='ocrx_word' id='word_1_93' title='bbox 1280 2784 1427 2851; x_wconf 86' lang='lat' dir='ltr'>alterum</span> <span class='ocrx_word' id='word_1_94' title='bbox 1436 2784 1493 2849; x_wconf 89' lang='lat' dir='ltr'>boc</span> 
     </span>
     <span class='ocr_line' id='line_1_13' title="bbox 318 2909 1493 2992; baseline -0.003 -17"><span class='ocrx_word' id='word_1_95' title='bbox 318 2911 556 2978; x_wconf 83' lang='lat' dir='ltr'>documentum</span> <span class='ocrx_word' id='word_1_96' title='bbox 575 2910 748 2977; x_wconf 88' lang='lat' dir='ltr'>Valerium</span> <span class='ocrx_word' id='word_1_97' title='bbox 764 2911 808 2977; x_wconf 89' lang='lat' dir='ltr'>ad</span> <span class='ocrx_word' id='word_1_98' title='bbox 825 2909 919 2976; x_wconf 87' lang='lat' dir='ltr'>illam</span> <span class='ocrx_word' id='word_1_99' title='bbox 936 2915 1084 2977; x_wconf 77' lang='lat' dir='ltr'>taetram</span> <span class='ocrx_word' id='word_1_100' title='bbox 1105 2909 1242 2976; x_wconf 89' lang='lat' dir='ltr'>caedem</span> <span class='ocrx_word' id='word_1_101' title='bbox 1259 2911 1493 2992; x_wconf 86' lang='lat' dir='ltr'>argumentum</span> 
     </span>
     <span class='ocr_line' id='line_1_14' title="bbox 317 3033 1496 3122; baseline -0.003 -22"><span class='ocrx_word' id='word_1_102' title='bbox 317 3035 509 3118; x_wconf 84' lang='lat' dir='ltr'>protrahere</span> <span class='ocrx_word' id='word_1_103' title='bbox 528 3036 694 3122; x_wconf 87' lang='lat' dir='ltr'>voluisse;</span> <span class='ocrx_word' id='word_1_104' title='bbox 717 3036 794 3102; x_wconf 87' lang='lat' dir='ltr'>vide</span> <span class='ocrx_word' id='word_1_105' title='bbox 813 3053 900 3118; x_wconf 88' lang='lat' dir='ltr'>quae</span> <span class='ocrx_word' id='word_1_106' title='bbox 919 3035 1010 3102; x_wconf 87' lang='lat' dir='ltr'>dicta</span> <span class='ocrx_word' id='word_1_107' title='bbox 1029 3033 1427 3101; x_wconf 78' lang='lat' dir='ltr'>suntad12220-226.</span> <span class='ocrx_word' id='word_1_108' title='bbox 1450 3034 1496 3097; x_wconf 88' lang='lat' dir='ltr'>At</span> 
     </span>
     <span class='ocr_line' id='line_1_15' title="bbox 318 3156 1493 3241; baseline -0.003 -17"><span class='ocrx_word' id='word_1_109' title='bbox 318 3160 355 3225; x_wconf 91' lang='lat' dir='ltr'>in</span> <span class='ocrx_word' id='word_1_110' title='bbox 376 3159 438 3224; x_wconf 91' lang='lat' dir='ltr'>hac</span> <span class='ocrx_word' id='word_1_111' title='bbox 459 3158 626 3241; x_wconf 83' lang='lat' dir='ltr'>Apollonii</span> <span class='ocrx_word' id='word_1_112' title='bbox 648 3162 684 3226; x_wconf 85' lang='lat' dir='ltr'>et</span> <span class='ocrx_word' id='word_1_113' title='bbox 706 3158 830 3226; x_wconf 88' lang='lat' dir='ltr'>Valerii</span> <span class='ocrx_word' id='word_1_114' title='bbox 852 3159 1043 3226; x_wconf 87' lang='lat' dir='ltr'>narratione</span> <span class='ocrx_word' id='word_1_115' title='bbox 1062 3174 1225 3241; x_wconf 86' lang='lat' dir='ltr'>magnum</span> <span class='ocrx_word' id='word_1_116' title='bbox 1236 3156 1417 3222; x_wconf 88' lang='lat' dir='ltr'>discrimen</span> <span class='ocrx_word' id='word_1_117' title='bbox 1428 3157 1493 3229; x_wconf 84' lang='lat' dir='ltr'>est,</span> 
     </span>
     <span class='ocr_line' id='line_1_16' title="bbox 319 3280 1494 3378; baseline -0.005 -28"><span class='ocrx_word' id='word_1_118' title='bbox 319 3282 406 3378; x_wconf 86' lang='lat' dir='ltr'>quod</span> <span class='ocrx_word' id='word_1_119' title='bbox 439 3281 605 3364; x_wconf 87' lang='lat' dir='ltr'>imprimis</span> <span class='ocrx_word' id='word_1_120' title='bbox 637 3282 697 3361; x_wconf 91' lang='lat' dir='ltr'>iis,</span> <span class='ocrx_word' id='word_1_121' title='bbox 732 3299 818 3365; x_wconf 88' lang='lat' dir='ltr'>quae</span> <span class='ocrx_word' id='word_1_122' title='bbox 848 3286 930 3350; x_wconf 89' lang='lat' dir='ltr'>sunt</span> <span class='ocrx_word' id='word_1_123' title='bbox 959 3282 1033 3350; x_wconf 90' lang='lat' dir='ltr'>libri</span> <span class='ocrx_word' id='word_1_124' title='bbox 1063 3282 1175 3364; x_wconf 87' lang='lat' dir='ltr'>quarti</span> <span class='ocrx_word' id='word_1_125' title='bbox 1204 3280 1317 3360; x_wconf 87' lang='lat' dir='ltr'>initio,</span> <span class='ocrx_word' id='word_1_126' title='bbox 1349 3283 1494 3364; x_wconf 87' lang='lat' dir='ltr'>apparet.</span> 
     </span>
     <span class='ocr_line' id='line_1_17' title="bbox 317 3405 1496 3491; baseline -0.006 -19"><span class='ocrx_word' id='word_1_127' title='bbox 317 3406 515 3491; x_wconf 89' lang='lat' dir='ltr'>Apollonius</span> <span class='ocrx_word' id='word_1_128' title='bbox 538 3406 628 3472; x_wconf 89' lang='lat' dir='ltr'>enim</span> <span class='ocrx_word' id='word_1_129' title='bbox 650 3423 716 3473; x_wconf 90' lang='lat' dir='ltr'>non</span> <span class='ocrx_word' id='word_1_130' title='bbox 735 3408 904 3473; x_wconf 86' lang='lat' dir='ltr'>aberravit</span> <span class='ocrx_word' id='word_1_131' title='bbox 921 3408 964 3473; x_wconf 89' lang='lat' dir='ltr'>ab</span> <span class='ocrx_word' id='word_1_132' title='bbox 981 3407 1180 3489; x_wconf 87' lang='lat' dir='ltr'>argumento</span> <span class='ocrx_word' id='word_1_133' title='bbox 1197 3405 1260 3471; x_wconf 85' lang='lat' dir='ltr'>sibi</span> <span class='ocrx_word' id='word_1_134' title='bbox 1279 3405 1449 3486; x_wconf 85' lang='lat' dir='ltr'>proposito</span> <span class='ocrx_word' id='word_1_135' title='bbox 1464 3405 1496 3467; x_wconf 87' lang='lat' dir='ltr'>et</span> 
     </span>
     <span class='ocr_line' id='line_1_18' title="bbox 319 3505 1496 3614; baseline -0.002 -18"><span class='ocrx_word' id='word_1_136' title='bbox 319 3548 391 3598; x_wconf 91' lang='lat' dir='ltr'>rern</span> <span class='ocrx_word' id='word_1_137' title='bbox 407 3531 456 3597; x_wconf 87' lang='lat' dir='ltr'>ita</span> <span class='ocrx_word' id='word_1_138' title='bbox 467 3531 644 3613; x_wconf 85' lang='lat' dir='ltr'>tractavit,</span> <span class='ocrx_word' id='word_1_139' title='bbox 665 3533 705 3596; x_wconf 90' lang='lat' dir='ltr'>ut</span> <span class='ocrx_word' id='word_1_140' title='bbox 716 3530 826 3614; x_wconf 90' lang='lat' dir='ltr'>Hylae</span> <span class='ocrx_word' id='word_1_141' title='bbox 839 3547 930 3597; x_wconf 91' lang='lat' dir='ltr'>mors</span> <span class='ocrx_word' id='word_1_142' title='bbox 942 3531 978 3596; x_wconf 91' lang='lat' dir='ltr'>et</span> <span class='ocrx_word' id='word_1_143' title='bbox 989 3529 1143 3597; x_wconf 86' lang='lat' dir='ltr'>Herculis</span> <span class='ocrx_word' id='word_1_144' title='bbox 1155 3529 1266 3596; x_wconf 85' lang='lat' dir='ltr'>tristis</span> <span class='ocrx_word' id='word_1_145' title='bbox 1277 3505 1350 3595; x_wconf 85' lang='lat' dir='ltr'>sors</span> <span class='ocrx_word' id='word_1_146' title='bbox 1362 3530 1496 3596; x_wconf 88' lang='lat' dir='ltr'>tantum</span> 
     </span>
     <span class='ocr_line' id='line_1_19' title="bbox 319 3653 1497 3744; baseline -0.002 -24"><span class='ocrx_word' id='word_1_147' title='bbox 319 3654 362 3720; x_wconf 71' lang='lat' dir='ltr'>aui</span> <span class='ocrx_word' id='word_1_148' title='bbox 372 3655 647 3737; x_wconf 85' lang='lat' dir='ltr'>Argonautarum</span> <span class='ocrx_word' id='word_1_149' title='bbox 658 3655 724 3722; x_wconf 91' lang='lat' dir='ltr'>iter</span> <span class='ocrx_word' id='word_1_150' title='bbox 733 3655 919 3739; x_wconf 88' lang='lat' dir='ltr'>pertineret</span> <span class='ocrx_word' id='word_1_151' title='bbox 931 3671 1039 3736; x_wconf 86' lang='lat' dir='ltr'>neque</span> <span class='ocrx_word' id='word_1_152' title='bbox 1050 3671 1090 3720; x_wconf 89' lang='lat' dir='ltr'>eo</span> <span class='ocrx_word' id='word_1_153' title='bbox 1100 3654 1207 3739; x_wconf 86' lang='lat' dir='ltr'>modo,</span> <span class='ocrx_word' id='word_1_154' title='bbox 1222 3656 1262 3721; x_wconf 84' lang='lat' dir='ltr'>ut</span> <span class='ocrx_word' id='word_1_155' title='bbox 1272 3653 1334 3744; x_wconf 85' lang='lat' dir='ltr'>illa¹</span> <span class='ocrx_word' id='word_1_156' title='bbox 1340 3653 1497 3738; x_wconf 88' lang='lat' dir='ltr'>digressio</span> 
     </span>
     <span class='ocr_line' id='line_1_20' title="bbox 320 3777 1495 3862; baseline -0.003 -18"><span class='ocrx_word' id='word_1_157' title='bbox 320 3777 492 3846; x_wconf 84' lang='lat' dir='ltr'>videretur</span> <span class='ocrx_word' id='word_1_158' title='bbox 508 3796 584 3846; x_wconf 88' lang='lat' dir='ltr'>esse</span> <span class='ocrx_word' id='word_1_159' title='bbox 601 3796 681 3862; x_wconf 89' lang='lat' dir='ltr'>pars</span> <span class='ocrx_word' id='word_1_160' title='bbox 699 3779 881 3846; x_wconf 90' lang='lat' dir='ltr'>Heracleae</span> <span class='ocrx_word' id='word_1_161' title='bbox 899 3778 1041 3846; x_wconf 88' lang='lat' dir='ltr'>fabulae.</span> <span class='ocrx_word' id='word_1_162' title='bbox 1063 3778 1226 3846; x_wconf 84' lang='lat' dir='ltr'>Hercules</span> <span class='ocrx_word' id='word_1_163' title='bbox 1244 3778 1337 3844; x_wconf 89' lang='lat' dir='ltr'>enim</span> <span class='ocrx_word' id='word_1_164' title='bbox 1348 3777 1495 3849; x_wconf 88' lang='lat' dir='ltr'>relictus,</span> 
     </span>
     <span class='ocr_line' id='line_1_21' title="bbox 320 3901 1496 3986; baseline 0.004 -18"><span class='ocrx_word' id='word_1_165' title='bbox 320 3919 407 3984; x_wconf 88' lang='lat' dir='ltr'>quae</span> <span class='ocrx_word' id='word_1_166' title='bbox 428 3906 482 3969; x_wconf 86' lang='lat' dir='ltr'>est</span> <span class='ocrx_word' id='word_1_167' title='bbox 504 3920 627 3986; x_wconf 84' lang='lat' dir='ltr'>magna</span> <span class='ocrx_word' id='word_1_168' title='bbox 648 3903 842 3986; x_wconf 85' lang='lat' dir='ltr'>calamitas,</span> <span class='ocrx_word' id='word_1_169' title='bbox 862 3919 919 3969; x_wconf 90' lang='lat' dir='ltr'>eos</span> <span class='ocrx_word' id='word_1_170' title='bbox 937 3919 1039 3984; x_wconf 86' lang='lat' dir='ltr'>saepe</span> <span class='ocrx_word' id='word_1_171' title='bbox 1058 3903 1207 3969; x_wconf 84' lang='lat' dir='ltr'>maximo</span> <span class='ocrx_word' id='word_1_172' title='bbox 1225 3907 1351 3969; x_wconf 90' lang='lat' dir='ltr'>terrore</span> <span class='ocrx_word' id='word_1_173' title='bbox 1370 3901 1496 3973; x_wconf 79' lang='lat' dir='ltr'>affecit,</span> 
     </span>
     <span class='ocr_line' id='line_1_22' title="bbox 321 3999 1498 4112; baseline -0.002 -20"><span class='ocrx_word' id='word_1_174' title='bbox 321 4026 450 4092; x_wconf 88' lang='lat' dir='ltr'>iabores</span> <span class='ocrx_word' id='word_1_175' title='bbox 472 4028 569 4093; x_wconf 85' lang='lat' dir='ltr'>auxit</span> <span class='ocrx_word' id='word_1_176' title='bbox 588 4025 641 4111; x_wconf 83' lang='lat' dir='ltr'>(cf.</span> <span class='ocrx_word' id='word_1_177' title='bbox 653 4028 718 4109; x_wconf 85' lang='lat' dir='ltr'>Ap.</span> <span class='ocrx_word' id='word_1_178' title='bbox 732 4026 751 4090; x_wconf 82' lang='lat'>2</span> <span class='ocrx_word' id='word_1_179' title='bbox 765 4049 773 4091; x_wconf 76' lang='grc' dir='ltr'><strong>ε</strong></span> <span class='ocrx_word' id='word_1_180' title='bbox 787 4027 853 4092; x_wconf 85' lang='grc'>146</span> <span class='ocrx_word' id='word_1_181' title='bbox 862 4026 978 4112; x_wconf 80' lang='grc'>-153)</span> <span class='ocrx_word' id='word_1_182' title='bbox 990 3999 1048 4092; x_wconf 88' lang='lat' dir='ltr'>sed</span> <span class='ocrx_word' id='word_1_183' title='bbox 1061 4042 1199 4093; x_wconf 88' lang='lat' dir='ltr'>necesse</span> <span class='ocrx_word' id='word_1_184' title='bbox 1211 4030 1284 4092; x_wconf 87' lang='lat' dir='ltr'>erat</span> <span class='ocrx_word' id='word_1_185' title='bbox 1294 4029 1336 4092; x_wconf 87' lang='lat' dir='ltr'>ut</span> <span class='ocrx_word' id='word_1_186' title='bbox 1346 4025 1401 4093; x_wconf 86' lang='lat' dir='ltr'>iiie</span> <span class='ocrx_word' id='word_1_187' title='bbox 1412 4041 1498 4092; x_wconf 87' lang='lat' dir='ltr'>amo</span> 
     </span>
     <span class='ocr_line' id='line_1_23' title="bbox 320 4149 1497 4232; baseline -0.003 -16"><span class='ocrx_word' id='word_1_188' title='bbox 320 4154 458 4216; x_wconf 88' lang='lat' dir='ltr'>veretur</span> <span class='ocrx_word' id='word_1_189' title='bbox 471 4149 537 4232; x_wconf 87' lang='lat' dir='ltr'>ita,</span> <span class='ocrx_word' id='word_1_190' title='bbox 556 4154 597 4216; x_wconf 89' lang='lat' dir='ltr'>ut</span> <span class='ocrx_word' id='word_1_191' title='bbox 612 4153 731 4232; x_wconf 90' lang='lat' dir='ltr'>postea</span> <span class='ocrx_word' id='word_1_192' title='bbox 742 4150 839 4216; x_wconf 86' lang='lat' dir='ltr'>Iason</span> <span class='ocrx_word' id='word_1_193' title='bbox 852 4150 944 4217; x_wconf 89' lang='lat' dir='ltr'>solus</span> <span class='ocrx_word' id='word_1_194' title='bbox 955 4149 1123 4217; x_wconf 84' lang='lat' dir='ltr'>maximos</span> <span class='ocrx_word' id='word_1_195' title='bbox 1134 4149 1263 4217; x_wconf 88' lang='lat' dir='ltr'>labores</span> <span class='ocrx_word' id='word_1_196' title='bbox 1273 4150 1386 4216; x_wconf 82' lang='lat' dir='ltr'>subire</span> <span class='ocrx_word' id='word_1_197' title='bbox 1398 4165 1497 4232; x_wconf 89' lang='lat' dir='ltr'>seque</span> 
     </span>
     <span class='ocr_line' id='line_1_24' title="bbox 320 4272 1497 4357; baseline -0.003 -17"><span class='ocrx_word' id='word_1_198' title='bbox 320 4273 457 4341; x_wconf 85' lang='lat' dir='ltr'>Medeae</span> <span class='ocrx_word' id='word_1_199' title='bbox 479 4290 592 4340; x_wconf 89' lang='lat' dir='ltr'>amore</span> <span class='ocrx_word' id='word_1_200' title='bbox 615 4274 849 4357; x_wconf 89' lang='lat' dir='ltr'>dignissimum</span> <span class='ocrx_word' id='word_1_201' title='bbox 873 4276 1045 4356; x_wconf 86' lang='lat' dir='ltr'>praestare</span> <span class='ocrx_word' id='word_1_202' title='bbox 1068 4277 1195 4356; x_wconf 86' lang='lat' dir='ltr'>posset.</span> <span class='ocrx_word' id='word_1_203' title='bbox 1225 4272 1350 4341; x_wconf 85' lang='lat' dir='ltr'>Eadem</span> <span class='ocrx_word' id='word_1_204' title='bbox 1372 4275 1497 4341; x_wconf 88' lang='lat' dir='ltr'>ratione</span> 
     </span>
    </p>
   </div>
   <div class='ocr_carea' id='block_1_4' title="bbox 0 0 1665 5067">
    <p class='ocr_par' dir='ltr' id='par_1_4' title="bbox 0 0 1665 5067">
     <span class='ocr_line' id='line_1_25' title="bbox 0 0 1665 5067; baseline 0 0"><span class='ocrx_word' id='word_1_205' title='bbox 0 0 1665 5067; x_wconf 95' lang='lat' dir='ltr'> </span> 
     </span>
    </p>
   </div>
  </div>
 </body>
</html>
