3300 5067
846 455 889 521 38

279 653 432 725 auctam,
454 648 665 715 describeret.
688 649 1038 717 Animadvertendum
1055 654 1111 718 est
1129 650 1331 718 Graecorum
1341 669 1467 719 sanam·

280 776 432 840 mentem
449 772 679 839 necmmantia
689 772 829 855 aliisque
840 774 942 840 rebus
951 772 1084 840 arcanis
1094 774 1291 857 plemmque
1302 777 1464 844 caruisse.

278 896 391 962 Ulixis
409 895 501 961 enim
519 898 617 963 extra
636 896 795 963 Graeciae
806 896 938 979 proprie
949 895 1059 963 dictae
1069 897 1158 963 fines
1168 900 1285 981 vagati
1295 900 1465 967 erroribus

278 1019 441 1085 memoria
464 1019 505 1085 de
533 1020 588 1086 illo
614 1019 742 1087 tradita
763 1019 920 1086 adiunxit
942 1018 1056 1086 Circes
1078 1022 1189 1087 artem
1211 1023 1388 1105 magicam.
1411 1024 1465 1090 At

278 1145 314 1209 in
346 1143 551 1225 regionibus
576 1160 722 1225 quarum
743 1143 858 1227 populi
880 1144 1029 1209 barbaris
1051 1150 1170 1212 essent
1192 1146 1384 1217 intermixti
1407 1148 1465 1216 vel

277 1269 320 1334 ab
340 1266 452 1333 Ionica
475 1270 512 1333 et
533 1266 653 1334 Dorica
674 1270 777 1349 gente
796 1267 911 1333 minus
923 1268 1085 1349 originem
1096 1269 1282 1353 traherent,
1294 1272 1465 1354 imprimis

275 1364 472 1459 benenom
505 1391 552 1458 nn
587 1391 724 1458 studere
759 1392 913 1459 solebant
946 1391 1076 1458 eaeor.
1109 1390 1203 1473 Quod
1233 1393 1463 1461 mendasse

277 1517 495 1599 cognovimus
528 1517 562 1582 in
597 1515 769 1581 Thessalia
802 1519 840 1582 et
871 1520 968 1597 parte
1012 1514 1171 1583 Graeciae
1204 1519 1462 1601 septentrionali

277 1646 313 1707 et
345 1641 465 1708 insulis
498 1642 556 1707 ubi
590 1640 792 1707 Kabirorum
826 1645 863 1706 et
884 1640 1026 1723 Orphica
1049 1642 1216 1723 mysteria
1238 1645 1461 1710 exstiterunt

274 1765 376 1850 Apud
398 1766 568 1832 Romanos
589 1766 723 1848 autem,
746 1765 906 1847 populum
929 1766 1235 1850 religiosissimum,
1258 1769 1459 1852 quioniam,

277 1906 363 1971 quae
396 1888 438 1953 ad
468 1888 597 1956 cultum
627 1889 765 1956 deomm
788 1890 1018 1972 pertinebant,
1042 1889 1218 1972 diiigenter
1239 1894 1458 1976 observabat,

276 2012 406 2095 magica
439 2029 495 2078 ars
525 2017 561 2079 et
590 2029 733 2079 arcanus
754 2012 885 2079 Averni
906 2014 999 2080 lacus
1021 2015 1109 2081 ritus
1131 2032 1253 2097 magno
1276 2017 1311 2082 in
1336 2019 1459 2085 honore

276 2139 351 2205 fuit
375 2138 495 2204 Omnia
517 2140 644 2217 autem,
668 2155 754 2219 quae
776 2138 818 2204 de
840 2138 977 2205 Medeae
998 2139 1171 2205 veneficiis
1191 2144 1328 2206 narrata
1352 2145 1455 2223 sunt,

277 2264 373 2345 longe
397 2261 555 2327 diffemnt
584 2263 626 2327 ab
648 2262 723 2327 aliis
746 2262 876 2345 mythis
898 2267 935 2329 et
957 2265 1010 2328 tot
1031 2262 1136 2328 variis
1158 2262 1296 2329 Graecis
1317 2264 1455 2347 fabrilia,

277 2384 566 2453 sedinThessalia
578 2384 609 2469 1)
620 2387 787 2468 propriam
795 2385 1220 2454 sedemhaberevidentur.
1231 2387 1458 2454 HocAesonis

275 2517 312 2580 et
329 2510 522 2578 Alcimedes
549 2512 678 2593 magico
708 2512 777 2577 ritu
807 2513 979 2584 enarrabo,
1011 2512 1126 2577 noster
1152 2512 1189 2577 et
1211 2510 1403 2577 Thessalica
1426 2511 1458 2594 2)

274 2636 438 2717 quaedam
460 2635 603 2701 inseruit
625 2637 662 2701 et
684 2652 770 2716 quae
792 2634 971 2717 aptissima
992 2638 1091 2701 erant
1111 2634 1153 2699 ad
1177 2635 1348 2701 Romanas
1357 2651 1459 2703 aures

274 2760 478 2826 mulcendas.
512 2758 577 2825 Sed
605 2760 641 2824 in
675 2756 811 2825 Valerio
843 2758 957 2823 minus
989 2758 1145 2839 approbo,
1181 2759 1269 2839 quod
1290 2776 1351 2841 pro
1373 2773 1458 2826 suae

274 2885 398 2950 aetatis
409 2884 542 2966 ingenio
554 2887 590 2950 et
601 2884 749 2949 moribus
758 2882 1273 2950 mortemvoluntariamlasonis
1280 2888 1457 2966 parentem

273 3009 473 3091 praetulisse
496 3010 646 3075 narravit
668 3013 704 3073 et
726 3006 814 3088 quod
832 3007 868 3072 in
887 3005 1047 3071 maximis
1058 3007 1203 3073 Aesonis
1214 3008 1321 3074 hortis
1333 3009 1457 3075 descri-

273 3131 390 3198 bendis
411 3130 698 3215 magnificentiam
720 3137 756 3197 et
775 3131 895 3197 luxum
906 3128 940 3213 3)
952 3129 1233 3197 villaeRomanae
1245 3134 1455 3200 suburbanae

273 3256 468 3337 descripsit,
501 3272 586 3336 quae
619 3273 640 3321 a
668 3256 743 3321 rudi
769 3254 905 3321 vivendi
938 3254 1068 3320 ratione
1097 3255 1260 3337 temporis
1281 3258 1454 3333 abhorret,

273 3397 339 3461 quo
368 3381 477 3463 prima
507 3380 662 3446 omnibus
683 3363 881 3445 necessariis
902 3379 1003 3445 rebus
1026 3381 1144 3445 ornata
1165 3379 1264 3445 navis
1283 3382 1455 3447 maritima

273 3521 379 3587 nuper
401 3502 549 3588 proiecta
570 3508 654 3570 erat.

316 3626 424 3693 Parvo
453 3628 599 3695 Aesonis
633 3627 701 3694 filio
733 3645 754 3693 a
785 3628 874 3708 regis
903 3626 1105 3694 satellitibus
1135 3626 1328 3710 interfecto,
1351 3645 1453 3709 quem

312 3837 341 3909 1)
362 3838 392 3895 in
411 3839 525 3899 Boeotia
545 3858 653 3915 quoque
672 3842 701 3899 et
723 3838 856 3899 Corinthi.
876 3838 912 3898 ci.
933 3838 997 3897 adn.
1018 3838 1037 3895 2
1058 3855 1122 3913 pag.
1142 3837 1170 3897 4.

311 3944 342 4018 2)
363 3945 425 4003 Val.
446 3946 537 4029 lilaea.
559 3948 602 4006 VI
622 3968 629 4006 ε
650 3946 709 4007 447
731 3949 759 4006 et
778 3945 848 4005 448.

311 4048 342 4123 3)
373 4050 545 4125 Quamquam
575 4052 702 4112 Valerius
732 4053 762 4111 in
792 4051 974 4124 descriptione
1004 4050 1151 4109 admodum
1180 4051 1260 4125 vagis
1286 4053 1315 4110 et
1341 4050 1453 4111 incertis

270 4148 380 4207 indiciis
400 4148 502 4219 utitur,
523 4165 635 4209 necesse
655 4152 698 4209 est
718 4148 909 4223 intelligamus
929 4148 998 4206 haec
1018 4148 1110 4207 omnia
1129 4148 1189 4208 fieri
1209 4148 1327 4208 inhorto
1336 4149 1454 4207 maximo

270 4249 298 4304 et
316 4246 426 4321 magnis
446 4246 589 4305 arboribus
609 4246 777 4306 adumbrato.
