3300 5067
736 567 780 631 67

163 763 284 839 poetae
325 775 401 824 esse
439 758 620 842 Olympum
652 761 837 841 beatosque
873 761 953 827 deos
986 777 1103 828 canere
1137 761 1197 828 sed
1226 763 1347 846 poetici

163 883 289 964 ingenii
315 885 352 947 et
374 881 499 965 vigoris
520 883 630 966 inopia
650 883 789 950 Homeri
808 887 845 950 et
864 883 1003 967 Vergilii
1022 889 1206 952 sectatores
1225 886 1347 967 multa,

164 1022 252 1087 quae
271 1009 307 1072 et
325 1006 454 1088 pietate
472 1022 552 1087 erga
570 1006 650 1072 deos
669 1012 794 1074 vacant
812 1012 849 1074 et
867 1008 977 1074 iocosa
995 1008 1347 1093 veritateflomerica,

163 1129 305 1196 finxisse
326 1131 452 1197 iterum
474 1130 691 1198 Valerianum
713 1149 849 1199 carmen
869 1133 974 1199 docet
1005 1133 1088 1200 Iuno
1106 1135 1213 1218 enim,
1233 1139 1348 1202 narrat

162 1251 336 1339 Valerius,
355 1255 586 1322 inimicissimo
605 1256 669 1323 sibi
688 1257 778 1324 heroi
796 1259 830 1324 in
852 1258 938 1325 silva
957 1258 1111 1326 caedenti
1130 1275 1250 1324 ornum
1268 1261 1347 1326 insi·

164 1377 286 1446 diatur.
317 1377 463 1445 Deorum
493 1380 609 1461 regina
630 1397 768 1447 cervum
790 1371 1051 1464 pulcherrimum
1073 1363 1182 1466 Hylae
1203 1384 1348 1450 venandi

164 1502 283 1584 cupido
305 1502 417 1586 offert,
441 1504 499 1584 qui
521 1503 699 1572 velocitate
721 1522 865 1586 puerum
887 1495 973 1573 fallit
994 1523 1139 1587 eumque
1158 1507 1201 1572 ad
1218 1507 1346 1573 iontem

72 1707 76 1712 ,
165 1622 312 1695 devium‘
331 1628 475 1709 avertit,
494 1645 596 1710 quem
614 1629 781 1715 transsilit
801 1629 893 1713 Hyla
914 1647 1000 1714 pone
1023 1649 1061 1697 se
1083 1631 1207 1697 relicto.
1241 1629 1347 1712 Quem

164 1752 260 1819 sitim
290 1751 484 1833 explentem
513 1724 664 1835 nympha
685 1753 823 1839 videns,
854 1755 909 1822 cui
931 1755 1013 1822 Iuno
1036 1755 1164 1838 Hylam
1186 1753 1347 1822 maritum

161 1876 335 1959 promisit,
361 1877 498 1958 gratum
527 1893 691 1959 sponsum
718 1877 753 1942 in
781 1877 955 1944 humidam
978 1878 1094 1944 sedem
1117 1894 1215 1944 suam
1238 1877 1347 1942 detra·

161 2001 224 2066 hit.
248 1999 340 2082 Quod
362 2000 499 2099 lunonis
517 2000 647 2067 facinus
664 2000 788 2067 mirum
808 2004 936 2068 estnec
954 2001 1131 2069 Valeriano
1148 2004 1346 2084 argumento

161 2125 229 2207 ipsi
261 2124 416 2190 concinit.
449 2123 532 2189 Iuno
554 2123 646 2189 enim
668 2128 704 2190 et
727 2123 853 2190 sociam
887 2124 1073 2191 Minervam
1099 2122 1132 2209 1)
1167 2126 1290 2209 decipit
1312 2130 1348 2192 et

163 2250 396 2331 Argonautae,
416 2247 538 2329 quibus
556 2247 847 2330 singulari-studio
865 2248 976 2325 favet,
992 2249 1146 2315 innoxios
1165 2248 1346 2315 fortissimo

162 2375 237 2440 viro
255 2374 380 2440 iniuste
399 2371 528 2455 privat,
545 2376 586 2438 ut
597 2372 670 2437 odio
681 2372 715 2438 in
727 2371 910 2438 Herculem
921 2372 1102 2454 indulgeat.
1121 2373 1203 2440 Iuno
1216 2389 1346 2455 quoque

161 2498 306 2565 crudelis
328 2498 436 2580 prima
458 2513 589 2578 quaque
612 2496 685 2562 lnce
704 2501 848 2563 ventum
864 2497 1048 2563 secundum
1061 2497 1199 2564 adsidue
1212 2502 1345 2574 movet,

161 2630 204 2692 ut
233 2623 377 2690 Hercule
405 2623 521 2689 relicto
547 2622 781 2705 Argonautae,
805 2623 863 2705 qui
886 2626 1076 2688 maerentes
1098 2638 1207 2704 neque
1230 2625 1346 2690 tamen

161 2747 343 2814 Herculem
365 2752 522 2829 petentes
543 2751 681 2831 tempus
703 2750 831 2829 terunt,
853 2745 1092 2829 profectionem
1114 2747 1346 2828 praecipitent.

161 2871 301 2956 'lyphus
335 2877 449 2939 tamen
483 2872 664 2955 impatiens
691 2888 804 2938 morae
826 2875 950 2938 nantas
972 2873 1173 2938 cunctantes
1194 2871 1345 2954 increpat

160 2997 224 3064 sed
245 2999 343 3065 Iason
366 2999 501 3074 dubius,
525 2999 605 3081 quid
625 2998 727 3065 faciat
746 3015 808 3066 nec
827 2997 1009 3084 quidquam
1028 2999 1141 3063 iubere
1159 3014 1266 3063 ausus
1285 2998 1346 3064 hoc

160 3116 341 3190 arbitrium
372 3140 475 3207 penes
502 3123 609 3190 socios
632 3139 708 3188 esse
729 3121 821 3188 dicit.
852 3122 939 3188 Rixa
960 3122 1050 3186 inter
1072 3120 1286 3187 Telamonem
1308 3124 1345 3186 ot

160 3246 367 3330 Meleagrum
386 3249 499 3314 coorta
518 3247 656 3313 tandem
669 3246 831 3327 proficisci
842 3246 1044 3322 decernunt,
1066 3260 1173 3326 nequo
1184 3225 1345 3310 certiores

159 3372 244 3438 facti
276 3341 441 3453 quaenam
476 3371 590 3436 futura
624 3369 670 3434 sit
704 3386 776 3436 sors
810 3369 982 3448 Herculis,
1015 3385 1123 3450 neque
1164 3367 1224 3434 lite
1257 3368 1346 3433 inter

160 3498 345 3577 utrumque
365 3496 501 3562 heroem
521 3494 722 3579 composita,
742 3493 829 3576 quod
845 3493 880 3558 in
899 3491 1025 3560 Valerii
1037 3491 1184 3558 carmine
1197 3491 1345 3558 maxime

160 3617 327 3685 desidero.

131 3769 356 3786 --——-

203 3845 234 3927 1)
269 3849 383 3909 Missam
413 3848 443 3907 in
474 3848 630 3908 Colchidam
650 3851 683 3906 nt
702 3847 774 3906 inter
793 3863 885 3921 regem
905 3847 1026 3922 Aeeten,
1050 3845 1161 3905 Medeae
1177 3848 1298 3920 patrem,
1319 3850 1347 3906 et

154 3959 265 4018 Persen
284 3955 396 4014 Medeae
415 3953 583 4013 matrimonii
603 3969 652 4028 spe
673 3953 835 4012 destitutum
855 3951 950 4014 foedus
970 3954 1063 4012 nectat
1084 3947 1280 4031 (tea-508).
