3300 5067
742 483 785 549 45

170 677 314 760 Vergilii
336 677 496 744 Aeneidis
518 677 567 743 IV
591 696 598 744 :
625 678 689 745 173
712 694 780 761 seq.
805 681 843 745 et
865 679 958 746 Ovid.
982 679 1118 749 Metam.
1143 682 1206 747 12:
1230 682 1353 765 24seq.

170 802 299 868 Famae
323 800 489 867 rationem
512 808 549 868 et
567 803 727 891 naturam
749 801 792 868 ad
814 819 917 869 suum
939 804 1115 871 arbitrium
1136 805 1185 871 ita
1207 822 1356 873 commu·

170 925 265 991 tavit
296 930 411 1009 poeta,
445 929 485 992 ut
521 926 692 993 simillima
725 927 772 993 sit
803 926 960 993 Bellonae
989 936 1025 994 et
1053 928 1170 995 Furori
1194 926 1354 1016 (11;128:
1433 930 1438 939 '

170 1066 384 1133 praecurrere
417 1050 525 1131 qualis
559 1050 644 1117 bella
678 1051 784 1133 soleS,
812 1068 891 1117 cum
921 1050 1013 1117 mille
1038 1053 1137 1119 tubos
1159 1058 1356 1136 armataque

168 1174 302 1255 campis
328 1174 463 1255 agmina
492 1178 528 1240 et
550 1176 765 1241 innumerum
786 1175 890 1241 flatus
918 1176 1080 1259 confingis
1102 1178 1296 1263 equorum),
1320 1180 1350 1243 si

169 1298 360 1367 secundum
381 1297 548 1381 Apollonii
570 1300 798 1365 narrationem
820 1299 982 1366 horrendo
1003 1298 1222 1367 Lemniamm
1239 1302 1357 1368 sceleri

170 1425 346 1507 ignoscere
375 1441 442 1490 non
475 1422 573 1505 plane
602 1439 800 1505 possumne,
831 1427 947 1491 tamen
970 1439 1092 1490 uxores
1112 1423 1232 1491 duram
1254 1425 1356 1490 servi-

171 1550 287 1613 tutem
310 1547 443 1613 maritis
460 1548 496 1611 et
515 1544 660 1627 captivis
679 1545 868 1612 servientes
885 1545 1111 1612 adhelarium
1121 1546 1269 1613 intorem
1279 1563 1355 1613 esse

169 1672 335 1738 incitatas
367 1670 463 1737 facile
493 1669 702 1751 intelligitur.
738 1670 830 1751 Quod
867 1671 1054 1751 suspicione
1087 1670 1158 1737 sola
1189 1675 1226 1737 et
1258 1686 1356 1736 caeca

170 1796 225 1861 ira
257 1796 414 1860 incensae
448 1795 583 1859 caedem
618 1797 859 1876 patraverunt,
894 1797 935 1860 ut
969 1794 1122 1861 Valerius
1152 1798 1283 1871 narrat,
1316 1810 1355 1859 eo

172 1918 354 1984 temerario
388 1918 512 1984 scelere
544 1917 665 1999 ingens
699 1917 844 1983 dedecus
878 1918 942 1984 sibi
975 1918 1170 1984 contrahere
1200 1917 1356 1984 mulieres

169 2058 278 2109 ausae
289 2045 380 2111 sunt.
392 2041 524 2123 Ubique
534 2041 653 2109 Venus
663 2041 784 2108 faciem
795 2040 946 2125 Dryopes
957 2041 1087 2121 induta,
1097 2044 1209 2109 taetra
1219 2041 1356 2108 Furoris

171 2169 304 2250 imago,
338 2165 555 2233 Lemniarum
588 2168 724 2231 mentes
754 2166 963 2248 inflammat,
986 2166 1060 2248 ipsa
1084 2166 1181 2231 adest
1201 2170 1243 2233 nt
1263 2165 1356 2231 dolos

170 2292 284 2374 fingat
313 2286 521 2371 miserasque
550 2306 674 2356 uxores
696 2290 904 2373 cohortetur,
929 2291 1057 2372 stipata
1079 2288 1184 2371 impia
1206 2289 1355 2365 cohorte,

172 2416 315 2498 Pavore,
333 2412 515 2495 Discordia,
534 2413 628 2492 Dolo,
646 2413 762 2498 Rabie,
783 2414 868 2481 Leto
887 2413 990 2501 (204).
1008 2413 1172 2480 Versibus
1186 2412 1356 2496 198,199;

176 2538 323 2623 ,nimbis
342 2542 378 2604 et
394 2538 468 2604 luce
486 2536 619 2618 fragosa
629 2537 842 2619 prosequitur
853 2538 949 2619 polus
960 2540 996 2603 et
1006 2537 1136 2603 tonitru
1146 2540 1243 2617 pater
1254 2537 1357 2615 auget

172 2664 319 2731 honoro’'
353 2662 533 2729 admodum
568 2660 725 2727 offendor.
758 2661 846 2728 Cum
868 2661 914 2727 dii
938 2662 1084 2744 deaeque
1106 2661 1175 2726 irae
1197 2661 1234 2725 et
1255 2658 1357 2724 dolori

172 2787 383 2871 indulgeant,
402 2785 576 2859 Valerium
601 2787 792 2868 respexisse
818 2770 994 2869 oportebat
1015 2800 1149 2869 semper
1171 2799 1229 2850 eos
1246 2782 1358 2849 conari

171 2912 291 2982 fallere
324 2910 456 2988 Iovem,
491 2927 631 2992 gravem
654 2914 690 2977 et
714 2909 948 2976 venerandum
970 2908 1034 2975 fati
1054 2909 1272 2991 interpretem
1295 2923 1357 2973 nec

171 3052 275 3119 eurn,
310 3030 514 3117 quamquam
544 3034 703 3100 nonnulla
737 3034 886 3100 humana
919 3051 999 3099 ase
1021 3033 1130 3099 aliena
1150 3048 1218 3098 non
1240 3034 1355 3114 putet,

101 3249 104 3253 Ι
172 3176 340 3241 umquam
373 3159 477 3241 impia
510 3159 635 3225 scelera
668 3158 838 3224 adiuvare.
872 3157 910 3224 Id
941 3162 1056 3224 autem
1087 3157 1213 3223 crimen
1235 3155 1357 3221 descri-

171 3285 323 3352 bendum
347 3283 528 3351 dirissimis
551 3283 692 3350 somniis
714 3284 893 3350 sollicitare
915 3286 1051 3365 poetam
1073 3282 1201 3348 solebat
1225 3279 1288 3363 (Oh
1299 3279 1356 3361 qui

173 3429 234 3479 me
267 3428 348 3477 vera
381 3412 558 3477 canentem
593 3407 696 3473 sistat
730 3411 767 3473 et
798 3389 861 3473 hac
890 3411 1025 3473 nostras
1054 3405 1190 3473 exolvat
1211 3404 1356 3485 imagine

173 3538 295 3603 noctes
329 3533 425 3617 218),
460 3532 557 3615 quasi
588 3536 681 3598 esset
703 3531 790 3597 alter
811 3529 992 3597 Lucretius
1026 3529 1079 3615 (cf.
1103 3530 1143 3595 de
1164 3543 1277 3594 rerum
1298 3542 1357 3591 na-

173 3664 258 3727 tura
294 3661 344 3726 1:
371 3660 450 3735 142,
484 3656 534 3724 IV
567 3657 651 3731 965,
688 3652 754 3741 70).
786 3654 902 3721 Multis
923 3656 1120 3737 amhagibus
1140 3654 1239 3736 poeta
1260 3650 1358 3715 docet

174 3801 245 3867 quo
273 3784 371 3851 modo
401 3783 511 3849 Thoas
533 3798 593 3849 rex
616 3784 773 3847 servatus
798 3780 845 3846 sit
869 3781 996 3863 pietate
1018 3778 1106 3845 filiae
1129 3794 1210 3844 suae
1230 3775 1357 3858 Hypsi·

175 3907 285 3992 pyles
321 3905 459 3989 Oopiose
493 3906 676 3972 Bacchious
707 3902 740 3990 1)
764 3904 875 3971 cultus
899 3906 1054 3969 narratur
1075 3905 1110 3968 et
1130 3918 1268 3983 pompa,
1291 3916 1358 3980 qna

147 4077 369 4091 ’‘—
407 4074 411 4079 .

218 4176 249 4249 1)
269 4174 317 4233 An
335 4173 473 4233 Bacchica
493 4170 638 4231 coniuncta
658 4186 714 4229 non
733 4169 838 4229 fuerint
857 4185 921 4227 cum
941 4168 1036 4227 fabula
1051 4167 1084 4227 de
1103 4169 1225 4227 Thoante
1246 4168 1360 4243 etHyp-

170 4281 277 4356 sipyle,
299 4279 402 4341 dubito.
419 4278 509 4337 Multa
523 4293 693 4351 supervacua
712 4275 837 4336 doctriua
848 4275 1145 4350 etmythographornm
1155 4272 1360 4372 scriptiunculis
