3300 5067
852 524 874 587 4

269 735 312 785 ea
345 722 524 801 genuerat,
555 717 642 785 Iolco
672 718 772 802 potiti
803 722 886 785 sunt
908 716 1039 785 fratres
1059 717 1163 785 Neleo
1184 718 1324 802 expulso
1347 717 1459 785 Pelias

271 842 397 909 multos
429 858 536 908 annos
569 840 695 923 placide
726 842 882 925 regnavit
905 858 1012 923 usque
1034 841 1078 907 ad
1098 841 1284 908 adventum
1308 841 1458 925 Iasonis,

271 964 332 1031 lilii
360 965 521 1043 Aesonis,
546 966 753 1049 perhibentis
775 983 813 1033 ee
836 982 912 1032 esse
934 966 1045 1049 regiae
1066 966 1249 1049 potestatis
1267 965 1459 1049 legitimum

272 1088 438 1155 heredem.
473 1088 579 1171 Quem
609 1092 650 1156 ut
677 1107 696 1156 e
726 1090 838 1157 medio
866 1088 1017 1172 tolleret,
1048 1090 1149 1157 iussit
1174 1090 1282 1156 vellus
1315 1106 1459 1156 aureum

271 1210 406 1297 (nempe
429 1213 516 1279 aries
534 1230 635 1281 aureo
653 1214 775 1282 vellere
794 1216 908 1281 tectus
925 1214 1146 1281 Athamantis
1163 1214 1283 1281 liberos
1294 1213 1459 1281 Phrixum

272 1339 308 1401 et
338 1336 458 1403 Hellen
487 1337 691 1420 abstulerat,
727 1337 815 1419 quod
848 1336 957 1403 vellus
978 1354 1120 1405 aureum
1141 1337 1248 1405 ariete
1269 1336 1458 1405 sacrificato

271 1458 416 1526 Phrixus
448 1461 549 1528 Marti
580 1460 785 1543 sacraverat)
807 1477 827 1528 e
850 1460 1003 1528 colchide
1025 1466 1159 1545 petere,
1182 1462 1337 1528 Iasonem
1358 1464 1458 1527 ratus

270 1584 306 1650 vi
327 1587 573 1668 tempestatum
596 1588 632 1651 et
653 1584 822 1651 marisvel
834 1585 956 1668 proelio
966 1602 1044 1651 oum
1055 1584 1145 1651 illius
1156 1585 1300 1667 regionis
1310 1588 1457 1668 tyranno

271 1708 488 1775 interiturum
510 1725 596 1776 esse.
620 1708 756 1776 Iunonis
778 1712 813 1775 et
825 1709 997 1775 Minervae
1014 1724 1077 1792 ope
1087 1708 1225 1775 adiutus
1236 1726 1315 1775 oum
1326 1710 1459 1777 circiter

270 1832 515 1914 quinquaginta
553 1834 707 1901 heroibus
748 1831 992 1915 celeberrimis,
1034 1832 1093 1913 qui
1133 1833 1268 1899 nomine
1303 1834 1402 1899 naris
1435 1850 1457 1901 a

271 1955 423 2027 Minerva
456 1956 583 2036 saetae,
616 1958 835 2040 Argonautae
867 1957 1033 2024 nominati
1066 1959 1166 2040 sunt,
1200 1974 1260 2039 per
1285 1957 1454 2037 Medeam,

272 2080 403 2146 Aeetae
438 2080 580 2147 Colchici
612 2082 699 2163 regis
728 2080 850 2155 filiam,
880 2079 1010 2146 Iasonis
1033 2096 1147 2147 amore
1168 2096 1383 2163 suooensam,
1406 2080 1457 2145 in·

270 2206 408 2287 oeptum
426 2204 536 2271 audax
554 2205 762 2289 perpetrarit
781 2208 816 2271 et
834 2206 912 2287 poet
923 2203 1039 2285 longos
1050 2220 1196 2281 errores,
1208 2203 1455 2272 innumerabili·

272 2330 335 2395 bus
358 2326 1456 2412 periculisobieotus,cumMedeainrhessaliamreoiitrerumque

272 2452 402 2533 potitus
432 2454 495 2517 est.
526 2451 615 2534 Quas
644 2467 699 2517 res
728 2456 845 2534 gestas
874 2450 1044 2526 homines,
1074 2450 1132 2531 qui
1158 2453 1239 2517 ante
1267 2451 1454 2518 Homerum

272 2575 449 2658 vixerunt,
477 2591 582 2657 aeque
604 2575 747 2641 intentis
769 2574 906 2641 auribus
928 2577 958 2650 1)
977 2572 1092 2639 audire
1110 2572 1262 2639 solebant
1279 2590 1320 2639 ao
1337 2580 1456 2657 postea

273 2699 412 2765 Homeri
447 2699 603 2781 aequales
640 2696 689 2784 (et
722 2698 863 2779 quisque
895 2697 1038 2781 populus
1071 2712 1132 2779 per
1164 2698 1277 2764 omnia
1310 2696 1455 2781 saecula)

271 2823 409 2890 Iliadem
438 2828 473 2889 et
503 2823 698 2907 Odysseam.
729 2822 820 2903 Quae
850 2822 916 2889 duo
946 2821 1040 2904 epioa
1069 2820 1219 2887 earmina
1242 2821 1390 2888 fabulam
1414 2822 1454 2888 rie

271 2948 544 3031 Argonautarum
563 2948 683 3013 itinere
706 2946 871 3014 oblivione
892 2947 1076 3013 obruerunt
1098 2962 1166 3011 non
1184 2945 1298 3011 minus
1320 2959 1456 3010 summa

272 3070 440 3152 elegantia
457 3074 493 3137 et
515 3070 658 3154 pondere
680 3084 793 3137 rerum
817 3086 920 3151 quam
943 3069 1030 3150 quod
1052 3069 1186 3153 Minyae
1198 3066 1244 3154 2),
1264 3084 1407 3149 quorum
1418 3068 1455 3133 in

252 3185 460 3199 m

311 3230 341 3302 l)
362 3229 404 3288 Cf.
426 3228 515 3303 Odyss
536 3250 556 3295 μ
573 3248 580 3283 r
597 3231 631 3283 69
649 3248 655 3281 :
672 3231 759 3295 Ἀργὼ
776 3235 840 3280 πᾶσι
857 3228 981 3292 pilam

310 3362 341 3436 2)
381 3361 551 3436 Argonautis
582 3378 681 3420 nomen
706 3360 824 3435 Minyis,
852 3359 960 3433 priseae
995 3359 1072 3432 genti
1101 3358 1244 3429 Aeolioae,
1277 3358 1373 3416 (latum
1404 3359 1456 3416 eat

269 3470 496 3545 Argonautamm
516 3469 605 3544 enim,
625 3468 672 3542 qui
693 3468 829 3543 imprimis
851 3466 974 3542 Iolcum,
993 3466 1066 3525 unde
1086 3466 1166 3524 naris
1185 3465 1458 3540 Argoproieotaest,

270 3578 446 3653 habitabant,
467 3576 515 3649 (Κ.
535 3575 568 3635 0.
587 3574 689 3633 Mhller
708 3574 893 3633 Orchomenos
912 3573 971 3631 und
989 3572 1034 3632 (lie
1051 3572 1160 3647 Minyer
1175 3588 1240 3646 pag.
1251 3571 1322 3644 249)
1333 3571 1458 3647 plerique

270 3687 350 3744 erant
368 3684 487 3758 Minyae.
507 3683 570 3742 Non
590 3681 642 3739 filii
661 3683 706 3741 rel
725 3684 838 3755 nepotas
857 3679 932 3753 regia
953 3679 1096 3739 cuiusdam
1113 3679 1224 3754 Minyae
1240 3682 1319 3738 erant
1329 3679 1377 3737 sed
1386 3695 1456 3753 gens

270 3810 288 3851 a
307 3791 371 3850 fiolo
391 3791 565 3865 progenitore
584 3789 679 3862 Minya
698 3788 813 3847 oriunda
833 3788 947 3859 (Miller
966 3786 1047 3845 Oreh.
1068 3786 1127 3845 253
1144 3785 1351 3855 et254).Duoe
1360 3784 1458 3859 Minya

269 3898 300 3958 in
329 3896 470 3955 Boeotiam
490 3895 629 3970 progressi
647 3910 763 3968 reguum
783 3896 812 3953 et
831 3894 927 3952 urbem
947 3890 1167 3967 potentissimam
1188 3891 1388 3950 Orchomenum
1409 3892 1457 3950 ob-

272 4004 412 4077 tinebant,
434 4018 503 4076 quae
524 4002 591 4060 urbs
610 4000 781 4075 praeclarum
798 4000 958 4058 thesaurum
975 3996 1093 4055 habebat
1110 3996 1140 4055 in
1156 3996 1289 4068 aedificio,
1304 3996 1458 4058 ouiusreli·

269 4110 351 4185 quiae
372 4110 481 4167 exstant
499 4107 541 4179 (oi
558 4108 640 4166 Pane.
663 4106 682 4166 9
703 4127 710 4165 :
731 4108 794 4180 35).

310 4215 390 4275 Aeoli
419 4213 471 4272 filii
491 4216 571 4272 eraut
590 4212 737 4286 Sisyphus,
762 4214 822 4287 (rex
842 4210 987 4283 Corinthi),
1008 4210 1144 4269 Athamas
1165 4210 1339 4285 (Orohomeni
1359 4228 1407 4270 rex
1428 4215 1457 4271 et

270 4323 366 4382 Phrixi
386 4322 490 4397 pater),
511 4319 643 4380 Cretheus
664 4318 744 4389 (Ioloi
764 4319 904 4393 eonditor,
924 4317 1042 4377 Aesonis
1061 4318 1170 4393 pater),
1188 4318 1358 4377 Salmoneus.
1375 4317 1456 4378 Unda
