<?xml version="1.0" encoding="UTF-8"?>
<!DOCTYPE html PUBLIC "-//W3C//DTD XHTML 1.0 Transitional//EN"
    "http://www.w3.org/TR/xhtml1/DTD/xhtml1-transitional.dtd">
<html xmlns="http://www.w3.org/1999/xhtml" xml:lang="en" lang="en">
 <head>
  <title>
</title>
<meta http-equiv="Content-Type" content="text/html;charset=utf-8" />
  <meta name='ocr-system' content='tesseract 3.04.00' />
  <meta name='ocr-capabilities' content='ocr_page ocr_carea ocr_par ocr_line ocrx_word'/>
</head>
<body>
  <div class='ocr_page' id='page_1' title='image "./deapolloniirhod00moltgoog_0059.png"; bbox 0 0 3300 5067; ppageno 0'>
   <div class='ocr_carea' id='block_1_1' title="bbox 744 527 787 591">
    <p class='ocr_par' dir='ltr' id='par_1_1' title="bbox 744 527 787 591">
     <span class='ocr_line' id='line_1_1' title="bbox 744 527 787 591; baseline 0 0"><span class='ocrx_word' id='word_1_1' title='bbox 744 527 787 591; x_wconf 87' lang='lat'>47</span> 
     </span>
    </p>
   </div>
   <div class='ocr_carea' id='block_1_2' title="bbox 174 716 1362 1176">
    <p class='ocr_par' dir='ltr' id='par_1_2' title="bbox 174 716 1362 1176">
     <span class='ocr_line' id='line_1_2' title="bbox 174 716 1359 803; baseline 0.003 -19"><span class='ocrx_word' id='word_1_2' title='bbox 174 718 333 785; x_wconf 77' lang='lat' dir='ltr'>Velenus</span> <span class='ocrx_word' id='word_1_3' title='bbox 344 720 479 787; x_wconf 88' lang='lat' dir='ltr'>videtur</span> <span class='ocrx_word' id='word_1_4' title='bbox 487 716 621 803; x_wconf 72' lang='lat' dir='ltr'>‘primus</span> <span class='ocrx_word' id='word_1_5' title='bbox 633 721 774 788; x_wconf 83' lang='lat' dir='ltr'>linxisse</span> <span class='ocrx_word' id='word_1_6' title='bbox 785 721 974 788; x_wconf 75' lang='lat' dir='ltr'>Thoantem</span> <span class='ocrx_word' id='word_1_7' title='bbox 984 720 1020 786; x_wconf 93' lang='lat' dir='ltr'>in</span> <span class='ocrx_word' id='word_1_8' title='bbox 1031 719 1209 786; x_wconf 77' lang='lat' dir='ltr'>Tauricam</span> <span class='ocrx_word' id='word_1_9' title='bbox 1221 718 1359 787; x_wconf 84' lang='lat' dir='ltr'>Cherso-</span> 
     </span>
     <span class='ocr_line' id='line_1_3' title="bbox 177 843 1362 923; baseline 0.002 -14"><span class='ocrx_word' id='word_1_10' title='bbox 177 860 302 911; x_wconf 91' lang='lat' dir='ltr'>nesum</span> <span class='ocrx_word' id='word_1_11' title='bbox 323 844 491 919; x_wconf 88' lang='lat' dir='ltr'>evasisse,</span> <span class='ocrx_word' id='word_1_12' title='bbox 516 844 607 910; x_wconf 89' lang='lat' dir='ltr'>nulla</span> <span class='ocrx_word' id='word_1_13' title='bbox 629 844 694 911; x_wconf 88' lang='lat' dir='ltr'>alia</span> <span class='ocrx_word' id='word_1_14' title='bbox 717 862 819 910; x_wconf 88' lang='lat' dir='ltr'>causa</span> <span class='ocrx_word' id='word_1_15' title='bbox 831 843 896 909; x_wconf 86' lang='lat' dir='ltr'>nisi</span> <span class='ocrx_word' id='word_1_16' title='bbox 907 843 995 923; x_wconf 91' lang='lat' dir='ltr'>quod</span> <span class='ocrx_word' id='word_1_17' title='bbox 1006 844 1215 909; x_wconf 89' lang='lat' dir='ltr'>conveniunt</span> <span class='ocrx_word' id='word_1_18' title='bbox 1224 844 1362 911; x_wconf 84' lang='lat' dir='ltr'>nomina</span> 
     </span>
     <span class='ocr_line' id='line_1_4' title="bbox 175 966 1360 1051; baseline 0.001 -19"><span class='ocrx_word' id='word_1_19' title='bbox 175 967 285 1047; x_wconf 88' lang='lat' dir='ltr'>patris</span> <span class='ocrx_word' id='word_1_20' title='bbox 307 967 514 1051; x_wconf 88' lang='lat' dir='ltr'>Hypsipyles</span> <span class='ocrx_word' id='word_1_21' title='bbox 536 972 573 1034; x_wconf 93' lang='lat' dir='ltr'>et</span> <span class='ocrx_word' id='word_1_22' title='bbox 594 968 681 1051; x_wconf 85' lang='lat' dir='ltr'>cius,</span> <span class='ocrx_word' id='word_1_23' title='bbox 702 984 767 1048; x_wconf 92' lang='lat' dir='ltr'>quo</span> <span class='ocrx_word' id='word_1_24' title='bbox 778 969 942 1051; x_wconf 87' lang='lat' dir='ltr'>regnante</span> <span class='ocrx_word' id='word_1_25' title='bbox 953 966 1126 1049; x_wconf 86' lang='lat' dir='ltr'>Iphigenia</span> <span class='ocrx_word' id='word_1_26' title='bbox 1137 967 1172 1032; x_wconf 92' lang='lat' dir='ltr'>in</span> <span class='ocrx_word' id='word_1_27' title='bbox 1185 967 1360 1033; x_wconf 81' lang='lat' dir='ltr'>Tauricam</span> 
     </span>
     <span class='ocr_line' id='line_1_5' title="bbox 175 1090 1361 1176; baseline 0.002 -21"><span class='ocrx_word' id='word_1_28' title='bbox 175 1090 423 1157; x_wconf 81' lang='lat' dir='ltr'>Chersonesum</span> <span class='ocrx_word' id='word_1_29' title='bbox 446 1093 613 1159; x_wconf 89' lang='lat' dir='ltr'>translata</span> <span class='ocrx_word' id='word_1_30' title='bbox 636 1096 699 1159; x_wconf 88' lang='lat' dir='ltr'>est.</span> <span class='ocrx_word' id='word_1_31' title='bbox 724 1091 818 1157; x_wconf 87' lang='lat' dir='ltr'>Idem</span> <span class='ocrx_word' id='word_1_32' title='bbox 841 1092 1016 1157; x_wconf 89' lang='lat' dir='ltr'>invenitur</span> <span class='ocrx_word' id='word_1_33' title='bbox 1038 1091 1073 1155; x_wconf 90' lang='lat' dir='ltr'>in</span> <span class='ocrx_word' id='word_1_34' title='bbox 1084 1090 1221 1176; x_wconf 85' lang='lat' dir='ltr'>Fabulis</span> <span class='ocrx_word' id='word_1_35' title='bbox 1232 1092 1361 1174; x_wconf 88' lang='lat' dir='ltr'>Hygini</span> 
     </span>
    </p>
   </div>
   <div class='ocr_carea' id='block_1_3' title="bbox 176 1212 1558 1315">
    <p class='ocr_par' dir='ltr' id='par_1_3' title="bbox 176 1212 1558 1315">
     <span class='ocr_line' id='line_1_6' title="bbox 176 1212 1558 1315; baseline 0.004 -36"><span class='ocrx_word' id='word_1_36' title='bbox 176 1214 216 1280; x_wconf 87' lang='lat' dir='ltr'>O.</span> <span class='ocrx_word' id='word_1_37' title='bbox 242 1216 293 1280; x_wconf 84' lang='lat'>15.</span> <span class='ocrx_word' id='word_1_38' title='bbox 313 1212 398 1281; x_wconf 78' lang='lat' dir='ltr'>(lum</span> <span class='ocrx_word' id='word_1_39' title='bbox 420 1219 537 1282; x_wconf 90' lang='lat' dir='ltr'>autem</span> <span class='ocrx_word' id='word_1_40' title='bbox 558 1219 692 1283; x_wconf 87' lang='lat' dir='ltr'>constet</span> <span class='ocrx_word' id='word_1_41' title='bbox 711 1216 800 1281; x_wconf 90' lang='lat' dir='ltr'>hunc</span> <span class='ocrx_word' id='word_1_42' title='bbox 821 1215 1023 1281; x_wconf 83' lang='lat' dir='ltr'>Fabulamm</span> <span class='ocrx_word' id='word_1_43' title='bbox 1041 1215 1163 1281; x_wconf 90' lang='lat' dir='ltr'>librum</span> <span class='ocrx_word' id='word_1_44' title='bbox 1179 1232 1246 1280; x_wconf 92' lang='lat' dir='ltr'>non</span> <span class='ocrx_word' id='word_1_45' title='bbox 1259 1216 1360 1297; x_wconf 81' lang='lat' dir='ltr'>scrip</span> <span class='ocrx_word' id='word_1_46' title='bbox 1481 1313 1483 1315; x_wconf 10' lang='grc' dir='ltr'>ι</span> <span class='ocrx_word' id='word_1_47' title='bbox 1556 1308 1558 1311; x_wconf 12' lang='lat' dir='ltr'>v</span> 
     </span>
    </p>
   </div>
   <div class='ocr_carea' id='block_1_4' title="bbox 173 1338 1397 4413">
    <p class='ocr_par' dir='ltr' id='par_1_4' title="bbox 173 1338 1397 4413">
     <span class='ocr_line' id='line_1_7' title="bbox 175 1338 1361 1423; baseline -0.002 -18"><span class='ocrx_word' id='word_1_48' title='bbox 175 1342 256 1405; x_wconf 89' lang='lat' dir='ltr'>tum</span> <span class='ocrx_word' id='word_1_49' title='bbox 276 1355 353 1405; x_wconf 90' lang='lat' dir='ltr'>esse</span> <span class='ocrx_word' id='word_1_50' title='bbox 371 1340 414 1405; x_wconf 90' lang='lat' dir='ltr'>ah</span> <span class='ocrx_word' id='word_1_51' title='bbox 431 1339 577 1423; x_wconf 71' lang='lat' dir='ltr'>Hygino</span> <span class='ocrx_word' id='word_1_52' title='bbox 593 1340 749 1421; x_wconf 83' lang='lat' dir='ltr'>Augusti·</span> <span class='ocrx_word' id='word_1_53' title='bbox 764 1338 912 1422; x_wconf 86' lang='lat' dir='ltr'>aequali,</span> <span class='ocrx_word' id='word_1_54' title='bbox 932 1339 1114 1405; x_wconf 83' lang='lat' dir='ltr'>verIsimile</span> <span class='ocrx_word' id='word_1_55' title='bbox 1138 1356 1215 1404; x_wconf 86' lang='lat' dir='ltr'>esse</span> <span class='ocrx_word' id='word_1_56' title='bbox 1226 1339 1361 1405; x_wconf 88' lang='lat' dir='ltr'>videtur</span> 
     </span>
     <span class='ocr_line' id='line_1_8' title="bbox 176 1462 1361 1545; baseline -0.001 -18"><span class='ocrx_word' id='word_1_57' title='bbox 176 1462 399 1543; x_wconf 80' lang='lat' dir='ltr'>posteriorem</span> <span class='ocrx_word' id='word_1_58' title='bbox 411 1462 598 1531; x_wconf 86' lang='lat' dir='ltr'>fabularum</span> <span class='ocrx_word' id='word_1_59' title='bbox 610 1464 821 1545; x_wconf 82' lang='lat' dir='ltr'>scriptorem,</span> <span class='ocrx_word' id='word_1_60' title='bbox 835 1463 888 1529; x_wconf 91' lang='lat' dir='ltr'>cui</span> <span class='ocrx_word' id='word_1_61' title='bbox 900 1462 1130 1543; x_wconf 80' lang='lat' dir='ltr'>Argonautica</span> <span class='ocrx_word' id='word_1_62' title='bbox 1141 1466 1361 1545; x_wconf 87' lang='lat' dir='ltr'>exspectatus</span> 
     </span>
     <span class='ocr_line' id='line_1_9' title="bbox 176 1584 1360 1671; baseline 0.001 -21"><span class='ocrx_word' id='word_1_63' title='bbox 176 1584 383 1671; x_wconf 83' lang='lat' dir='ltr'>fonsiuerit,</span> <span class='ocrx_word' id='word_1_64' title='bbox 407 1588 493 1653; x_wconf 89' lang='lat' dir='ltr'>hanc</span> <span class='ocrx_word' id='word_1_65' title='bbox 515 1588 743 1653; x_wconf 71' lang='lat' dir='ltr'>narrationem</span> <span class='ocrx_word' id='word_1_66' title='bbox 768 1604 786 1652; x_wconf 92' lang='lat' dir='ltr'>e</span> <span class='ocrx_word' id='word_1_67' title='bbox 810 1585 945 1652; x_wconf 90' lang='lat' dir='ltr'>Valerio</span> <span class='ocrx_word' id='word_1_68' title='bbox 966 1586 1132 1652; x_wconf 84' lang='lat' dir='ltr'>hausisse.</span> <span class='ocrx_word' id='word_1_69' title='bbox 1146 1585 1214 1651; x_wconf 86' lang='lat' dir='ltr'>Suo</span> <span class='ocrx_word' id='word_1_70' title='bbox 1224 1586 1360 1651; x_wconf 89' lang='lat' dir='ltr'>arbitrio</span> 
     </span>
     <span class='ocr_line' id='line_1_10' title="bbox 175 1709 1359 1790; baseline -0.001 -15"><span class='ocrx_word' id='word_1_71' title='bbox 175 1713 316 1776; x_wconf 89' lang='lat' dir='ltr'>tantum</span> <span class='ocrx_word' id='word_1_72' title='bbox 337 1712 424 1776; x_wconf 89' lang='lat' dir='ltr'>hanc</span> <span class='ocrx_word' id='word_1_73' title='bbox 446 1728 569 1778; x_wconf 90' lang='lat' dir='ltr'>novam</span> <span class='ocrx_word' id='word_1_74' title='bbox 592 1728 663 1779; x_wconf 89' lang='lat' dir='ltr'>rem</span> <span class='ocrx_word' id='word_1_75' title='bbox 683 1710 839 1778; x_wconf 85' lang='lat' dir='ltr'>Valerius</span> <span class='ocrx_word' id='word_1_76' title='bbox 861 1710 1005 1777; x_wconf 90' lang='lat' dir='ltr'>inseruit</span> <span class='ocrx_word' id='word_1_77' title='bbox 1023 1709 1160 1776; x_wconf 89' lang='lat' dir='ltr'>consilio</span> <span class='ocrx_word' id='word_1_78' title='bbox 1182 1714 1218 1775; x_wconf 92' lang='lat' dir='ltr'>et</span> <span class='ocrx_word' id='word_1_79' title='bbox 1237 1709 1359 1790; x_wconf 87' lang='lat' dir='ltr'>studio,</span> 
     </span>
     <span class='ocr_line' id='line_1_11' title="bbox 174 1832 1360 1917; baseline -0.002 -16"><span class='ocrx_word' id='word_1_80' title='bbox 174 1835 265 1917; x_wconf 89' lang='lat' dir='ltr'>quod</span> <span class='ocrx_word' id='word_1_81' title='bbox 294 1834 618 1917; x_wconf 86' lang='lat' dir='ltr'>mythographorum</span> <span class='ocrx_word' id='word_1_82' title='bbox 648 1833 817 1917; x_wconf 92' lang='lat' dir='ltr'>proprium</span> <span class='ocrx_word' id='word_1_83' title='bbox 859 1838 929 1916; x_wconf 89' lang='lat' dir='ltr'>est,</span> <span class='ocrx_word' id='word_1_84' title='bbox 972 1850 1037 1915; x_wconf 90' lang='lat' dir='ltr'>quo</span> <span class='ocrx_word' id='word_1_85' title='bbox 1079 1850 1240 1916; x_wconf 85' lang='lat' dir='ltr'>persaepe</span> <span class='ocrx_word' id='word_1_86' title='bbox 1275 1832 1360 1899; x_wconf 91' lang='lat' dir='ltr'>duae</span> 
     </span>
     <span class='ocr_line' id='line_1_12' title="bbox 175 1957 1359 2039; baseline -0.003 -14"><span class='ocrx_word' id='word_1_87' title='bbox 175 1960 309 2025; x_wconf 84' lang='lat' dir='ltr'>fabulae</span> <span class='ocrx_word' id='word_1_88' title='bbox 342 1960 378 2025; x_wconf 92' lang='lat' dir='ltr'>in</span> <span class='ocrx_word' id='word_1_89' title='bbox 410 1975 514 2023; x_wconf 87' lang='lat' dir='ltr'>unam</span> <span class='ocrx_word' id='word_1_90' title='bbox 549 1958 699 2025; x_wconf 84' lang='lat' dir='ltr'>conlatae</span> <span class='ocrx_word' id='word_1_91' title='bbox 729 1958 800 2023; x_wconf 89' lang='lat' dir='ltr'>sint</span> <span class='ocrx_word' id='word_1_92' title='bbox 834 1959 870 2022; x_wconf 90' lang='lat' dir='ltr'>et</span> <span class='ocrx_word' id='word_1_93' title='bbox 892 1957 1004 2039; x_wconf 90' lang='lat' dir='ltr'>mythi</span> <span class='ocrx_word' id='word_1_94' title='bbox 1034 1957 1253 2038; x_wconf 84' lang='lat' dir='ltr'>simpliciores</span> <span class='ocrx_word' id='word_1_95' title='bbox 1279 1957 1359 2022; x_wconf 87' lang='lat' dir='ltr'>facti</span> 
     </span>
     <span class='ocr_line' id='line_1_13' title="bbox 174 2079 1361 2162; baseline -0.003 -12"><span class='ocrx_word' id='word_1_96' title='bbox 174 2082 365 2150; x_wconf 82' lang='lat' dir='ltr'>fabulamm</span> <span class='ocrx_word' id='word_1_97' title='bbox 377 2082 680 2148; x_wconf 80' lang='lat' dir='ltr'>contrahendarum</span> <span class='ocrx_word' id='word_1_98' title='bbox 692 2080 857 2162; x_wconf 89' lang='lat' dir='ltr'>cupidine.</span> <span class='ocrx_word' id='word_1_99' title='bbox 871 2080 942 2161; x_wconf 77' lang='lat' dir='ltr'>Quo</span> <span class='ocrx_word' id='word_1_100' title='bbox 953 2080 1051 2145; x_wconf 92' lang='lat' dir='ltr'>modo</span> <span class='ocrx_word' id='word_1_101' title='bbox 1062 2079 1219 2145; x_wconf 89' lang='lat' dir='ltr'>videmus</span> <span class='ocrx_word' id='word_1_102' title='bbox 1230 2080 1361 2147; x_wconf 88' lang='lat' dir='ltr'>fabulas</span> 
     </span>
     <span class='ocr_line' id='line_1_14' title="bbox 174 2172 1360 2289; baseline -0.003 -16"><span class='ocrx_word' id='word_1_103' title='bbox 174 2208 220 2273; x_wconf 89' lang='lat' dir='ltr'>de</span> <span class='ocrx_word' id='word_1_104' title='bbox 241 2206 358 2273; x_wconf 84' lang='lat' dir='ltr'>Medea</span> <span class='ocrx_word' id='word_1_105' title='bbox 381 2210 417 2273; x_wconf 90' lang='lat' dir='ltr'>et</span> <span class='ocrx_word' id='word_1_106' title='bbox 438 2207 610 2289; x_wconf 86' lang='lat' dir='ltr'>Iphigenia</span> <span class='ocrx_word' id='word_1_107' title='bbox 632 2205 715 2271; x_wconf 92' lang='lat' dir='ltr'>adeo</span> <span class='ocrx_word' id='word_1_108' title='bbox 734 2223 755 2271; x_wconf 91' lang='lat' dir='ltr'>a</span> <span class='ocrx_word' id='word_1_109' title='bbox 774 2172 1029 2287; x_wconf 83' lang='lat' dir='ltr'>mythographis</span> <span class='ocrx_word' id='word_1_110' title='bbox 1053 2204 1272 2270; x_wconf 82' lang='lat' dir='ltr'>intermixtas</span> <span class='ocrx_word' id='word_1_111' title='bbox 1283 2221 1360 2270; x_wconf 90' lang='lat' dir='ltr'>esse</span> 
     </span>
     <span class='ocr_line' id='line_1_15' title="bbox 174 2327 1356 2408; baseline -0.003 -11"><span class='ocrx_word' id='word_1_112' title='bbox 174 2334 220 2397; x_wconf 90' lang='lat' dir='ltr'>ut</span> <span class='ocrx_word' id='word_1_113' title='bbox 238 2329 439 2397; x_wconf 86' lang='lat' dir='ltr'>crediderint</span> <span class='ocrx_word' id='word_1_114' title='bbox 461 2328 624 2397; x_wconf 88' lang='lat' dir='ltr'>Diodorus</span> <span class='ocrx_word' id='word_1_115' title='bbox 646 2334 682 2396; x_wconf 89' lang='lat' dir='ltr'>et</span> <span class='ocrx_word' id='word_1_116' title='bbox 705 2328 906 2395; x_wconf 76' lang='lat' dir='ltr'>Dracontius</span> <span class='ocrx_word' id='word_1_117' title='bbox 930 2328 1082 2394; x_wconf 82' lang='lat' dir='ltr'>Medeam</span> <span class='ocrx_word' id='word_1_118' title='bbox 1101 2327 1356 2408; x_wconf 81' lang='lat' dir='ltr'>etlpmgeniam</span> 
     </span>
     <span class='ocr_line' id='line_1_16' title="bbox 175 2424 1397 2535; baseline -0.001 -16"><span class='ocrx_word' id='word_1_119' title='bbox 175 2453 320 2520; x_wconf 90' lang='lat' dir='ltr'>eandem</span> <span class='ocrx_word' id='word_1_120' title='bbox 339 2453 514 2519; x_wconf 88' lang='lat' dir='ltr'>mulierem</span> <span class='ocrx_word' id='word_1_121' title='bbox 537 2424 658 2535; x_wconf 82' lang='lat' dir='ltr'>fuisse,</span> <span class='ocrx_word' id='word_1_122' title='bbox 683 2470 768 2533; x_wconf 91' lang='lat' dir='ltr'>quae</span> <span class='ocrx_word' id='word_1_123' title='bbox 779 2451 907 2518; x_wconf 89' lang='lat' dir='ltr'>Dianae</span> <span class='ocrx_word' id='word_1_124' title='bbox 917 2451 1078 2517; x_wconf 88' lang='lat' dir='ltr'>Tauricae</span> <span class='ocrx_word' id='word_1_125' title='bbox 1090 2450 1218 2516; x_wconf 88' lang='lat' dir='ltr'>cultum</span> <span class='ocrx_word' id='word_1_126' title='bbox 1231 2452 1361 2518; x_wconf 89' lang='lat' dir='ltr'>Thebas</span> <span class='ocrx_word' id='word_1_127' title='bbox 1395 2477 1397 2480; x_wconf 95' lang='lat'>·</span> 
     </span>
     <span class='ocr_line' id='line_1_17' title="bbox 176 2575 1362 2648; baseline -0.002 -5"><span class='ocrx_word' id='word_1_128' title='bbox 176 2578 254 2643; x_wconf 86' lang='lat' dir='ltr'>sive</span> <span class='ocrx_word' id='word_1_129' title='bbox 265 2576 391 2645; x_wconf 89' lang='lat' dir='ltr'>Iolcum</span> <span class='ocrx_word' id='word_1_130' title='bbox 403 2579 624 2645; x_wconf 88' lang='lat' dir='ltr'>transtulerit.</span> <span class='ocrx_word' id='word_1_131' title='bbox 634 2578 700 2643; x_wconf 86' lang='lat' dir='ltr'>Sed</span> <span class='ocrx_word' id='word_1_132' title='bbox 712 2576 960 2643; x_wconf 90' lang='lat' dir='ltr'>nullumlocum</span> <span class='ocrx_word' id='word_1_133' title='bbox 969 2576 1162 2648; x_wconf 84' lang='lat' dir='ltr'>invenimus</span> <span class='ocrx_word' id='word_1_134' title='bbox 1170 2575 1227 2641; x_wconf 92' lang='lat' dir='ltr'>ubi</span> <span class='ocrx_word' id='word_1_135' title='bbox 1235 2575 1362 2641; x_wconf 90' lang='lat' dir='ltr'>Dianae</span> 
     </span>
     <span class='ocr_line' id='line_1_18' title="bbox 175 2700 1361 2769; baseline -0.004 0"><span class='ocrx_word' id='word_1_136' title='bbox 175 2706 218 2769; x_wconf 91' lang='lat' dir='ltr'>et</span> <span class='ocrx_word' id='word_1_137' title='bbox 245 2701 381 2769; x_wconf 89' lang='lat' dir='ltr'>Iunonis</span> <span class='ocrx_word' id='word_1_138' title='bbox 410 2702 521 2768; x_wconf 90' lang='lat' dir='ltr'>cultus</span> <span class='ocrx_word' id='word_1_139' title='bbox 544 2704 593 2768; x_wconf 88' lang='lat' dir='ltr'>ita</span> <span class='ocrx_word' id='word_1_140' title='bbox 615 2702 740 2767; x_wconf 80' lang='lat' dir='ltr'>fuerint</span> <span class='ocrx_word' id='word_1_141' title='bbox 759 2700 928 2767; x_wconf 89' lang='lat' dir='ltr'>coniuncti</span> <span class='ocrx_word' id='word_1_142' title='bbox 946 2704 987 2766; x_wconf 89' lang='lat' dir='ltr'>ut</span> <span class='ocrx_word' id='word_1_143' title='bbox 1002 2700 1139 2766; x_wconf 90' lang='lat' dir='ltr'>lunonis</span> <span class='ocrx_word' id='word_1_144' title='bbox 1153 2700 1361 2765; x_wconf 88' lang='lat' dir='ltr'>sacerdotem</span> 
     </span>
     <span class='ocr_line' id='line_1_19' title="bbox 176 2822 1362 2907; baseline -0.005 -14"><span class='ocrx_word' id='word_1_145' title='bbox 176 2825 282 2893; x_wconf 88' lang='lat' dir='ltr'>simul</span> <span class='ocrx_word' id='word_1_146' title='bbox 311 2825 437 2893; x_wconf 87' lang='lat' dir='ltr'>Dianae</span> <span class='ocrx_word' id='word_1_147' title='bbox 463 2827 621 2893; x_wconf 87' lang='lat' dir='ltr'>Tauricae</span> <span class='ocrx_word' id='word_1_148' title='bbox 644 2825 814 2891; x_wconf 83' lang='lat' dir='ltr'>sacrificiis</span> <span class='ocrx_word' id='word_1_149' title='bbox 836 2824 1049 2907; x_wconf 84' lang='lat' dir='ltr'>perfunctam</span> <span class='ocrx_word' id='word_1_150' title='bbox 1071 2839 1146 2889; x_wconf 89' lang='lat' dir='ltr'>esse</span> <span class='ocrx_word' id='word_1_151' title='bbox 1168 2822 1362 2888; x_wconf 80' lang='lat' dir='ltr'>ulderemus</span> 
     </span>
     <span class='ocr_line' id='line_1_20' title="bbox 175 2928 1362 3035; baseline -0.002 -20"><span class='ocrx_word' id='word_1_152' title='bbox 175 2949 337 3035; x_wconf 82' lang='lat' dir='ltr'>(Stender</span> <span class='ocrx_word' id='word_1_153' title='bbox 369 2951 434 3029; x_wconf 87' lang='grc'><strong>33).</strong></span> <span class='ocrx_word' id='word_1_154' title='bbox 454 2928 538 3016; x_wconf 68' lang='grc' dir='ltr'>ΙΝθο</span> <span class='ocrx_word' id='word_1_155' title='bbox 572 2951 607 3016; x_wconf 89' lang='lat' dir='ltr'>in</span> <span class='ocrx_word' id='word_1_156' title='bbox 640 2949 811 3015; x_wconf 87' lang='lat' dir='ltr'>Thessalia</span> <span class='ocrx_word' id='word_1_157' title='bbox 845 2964 955 3029; x_wconf 90' lang='lat' dir='ltr'>neque</span> <span class='ocrx_word' id='word_1_158' title='bbox 988 2947 1110 3013; x_wconf 88' lang='lat' dir='ltr'>Thebis</span> <span class='ocrx_word' id='word_1_159' title='bbox 1144 2948 1362 3030; x_wconf 85' lang='lat' dir='ltr'>cognorimus</span> 
     </span>
     <span class='ocr_line' id='line_1_21' title="bbox 174 3068 1362 3154; baseline -0.001 -16"><span class='ocrx_word' id='word_1_160' title='bbox 174 3073 324 3140; x_wconf 89' lang='lat' dir='ltr'>Dianam</span> <span class='ocrx_word' id='word_1_161' title='bbox 345 3075 473 3141; x_wconf 88' lang='lat' dir='ltr'>cultam</span> <span class='ocrx_word' id='word_1_162' title='bbox 495 3090 570 3139; x_wconf 89' lang='lat' dir='ltr'>esse</span> <span class='ocrx_word' id='word_1_163' title='bbox 593 3073 660 3139; x_wconf 89' lang='lat' dir='ltr'>nisi</span> <span class='ocrx_word' id='word_1_164' title='bbox 681 3074 716 3138; x_wconf 93' lang='lat' dir='ltr'>in</span> <span class='ocrx_word' id='word_1_165' title='bbox 741 3072 898 3139; x_wconf 81' lang='lat' dir='ltr'>BoeotIae</span> <span class='ocrx_word' id='word_1_166' title='bbox 922 3070 1031 3154; x_wconf 88' lang='lat' dir='ltr'>capite</span> <span class='ocrx_word' id='word_1_167' title='bbox 1049 3068 1193 3137; x_wconf 88' lang='lat' dir='ltr'>Dianam</span> <span class='ocrx_word' id='word_1_168' title='bbox 1211 3071 1362 3137; x_wconf 82' lang='lat' dir='ltr'>Eucliam</span> 
     </span>
     <span class='ocr_line' id='line_1_22' title="bbox 177 3195 1359 3283; baseline -0.002 -19"><span class='ocrx_word' id='word_1_169' title='bbox 177 3199 253 3283; x_wconf 88' lang='lat' dir='ltr'>(sed</span> <span class='ocrx_word' id='word_1_170' title='bbox 274 3214 341 3265; x_wconf 89' lang='lat' dir='ltr'>non</span> <span class='ocrx_word' id='word_1_171' title='bbox 363 3197 552 3279; x_wconf 83' lang='lat' dir='ltr'>Tauricam)</span> <span class='ocrx_word' id='word_1_172' title='bbox 575 3198 615 3263; x_wconf 84' lang='lat' dir='ltr'>ci.</span> <span class='ocrx_word' id='word_1_173' title='bbox 639 3198 738 3263; x_wconf 88' lang='lat' dir='ltr'>Paus.</span> <span class='ocrx_word' id='word_1_174' title='bbox 751 3197 823 3262; x_wconf 90' lang='lat' dir='ltr'>IX:</span> <span class='ocrx_word' id='word_1_175' title='bbox 838 3199 879 3263; x_wconf 78' lang='lat'>17</span> <span class='ocrx_word' id='word_1_176' title='bbox 895 3216 903 3263; x_wconf 92' lang='lat'>:</span> <span class='ocrx_word' id='word_1_177' title='bbox 919 3198 935 3261; x_wconf 95' lang='grc'>1</span> <span class='ocrx_word' id='word_1_178' title='bbox 950 3200 986 3261; x_wconf 90' lang='lat' dir='ltr'>et</span> <span class='ocrx_word' id='word_1_179' title='bbox 997 3196 1085 3261; x_wconf 89' lang='lat' dir='ltr'>Plut.</span> <span class='ocrx_word' id='word_1_180' title='bbox 1098 3197 1134 3262; x_wconf 90' lang='lat' dir='ltr'>in</span> <span class='ocrx_word' id='word_1_181' title='bbox 1145 3195 1253 3262; x_wconf 87' lang='lat' dir='ltr'>Arist.</span> <span class='ocrx_word' id='word_1_182' title='bbox 1266 3214 1294 3261; x_wconf 93' lang='lat' dir='ltr'>c.</span> <span class='ocrx_word' id='word_1_183' title='bbox 1306 3196 1359 3262; x_wconf 81' lang='lat'>20.</span> 
     </span>
     <span class='ocr_line' id='line_1_23' title="bbox 176 3320 1361 3407; baseline -0.003 -19"><span class='ocrx_word' id='word_1_184' title='bbox 176 3322 323 3389; x_wconf 83' lang='lat' dir='ltr'>Stender</span> <span class='ocrx_word' id='word_1_185' title='bbox 367 3324 454 3407; x_wconf 82' lang='lat' dir='ltr'>(pag.</span> <span class='ocrx_word' id='word_1_186' title='bbox 501 3323 556 3407; x_wconf 81' lang='lat'>34)</span> <span class='ocrx_word' id='word_1_187' title='bbox 598 3326 689 3389; x_wconf 87' lang='lat' dir='ltr'>recte</span> <span class='ocrx_word' id='word_1_188' title='bbox 731 3322 978 3389; x_wconf 86' lang='lat' dir='ltr'>demonstravit</span> <span class='ocrx_word' id='word_1_189' title='bbox 1016 3321 1170 3388; x_wconf 84' lang='lat' dir='ltr'>Medeam</span> <span class='ocrx_word' id='word_1_190' title='bbox 1203 3320 1361 3385; x_wconf 89' lang='lat' dir='ltr'>Tauricae</span> 
     </span>
     <span class='ocr_line' id='line_1_24' title="bbox 175 3444 1361 3531; baseline -0.004 -18"><span class='ocrx_word' id='word_1_191' title='bbox 175 3446 307 3513; x_wconf 87' lang='lat' dir='ltr'>Dianae</span> <span class='ocrx_word' id='word_1_192' title='bbox 339 3447 547 3515; x_wconf 88' lang='lat' dir='ltr'>sacerdotem</span> <span class='ocrx_word' id='word_1_193' title='bbox 581 3445 801 3527; x_wconf 87' lang='lat' dir='ltr'>separandam</span> <span class='ocrx_word' id='word_1_194' title='bbox 820 3444 902 3531; x_wconf 63' lang='lat' dir='ltr'>{esse</span> <span class='ocrx_word' id='word_1_195' title='bbox 925 3464 946 3510; x_wconf 92' lang='lat' dir='ltr'>a</span> <span class='ocrx_word' id='word_1_196' title='bbox 967 3445 1079 3512; x_wconf 85' lang='lat' dir='ltr'>fabula</span> <span class='ocrx_word' id='word_1_197' title='bbox 1101 3445 1142 3511; x_wconf 88' lang='lat' dir='ltr'>de</span> <span class='ocrx_word' id='word_1_198' title='bbox 1163 3445 1297 3520; x_wconf 88' lang='lat' dir='ltr'>Iasone,</span> <span class='ocrx_word' id='word_1_199' title='bbox 1320 3447 1361 3509; x_wconf 92' lang='lat' dir='ltr'>ut</span> 
     </span>
     <span class='ocr_line' id='line_1_25' title="bbox 175 3567 1362 3653; baseline -0.004 -16"><span class='ocrx_word' id='word_1_200' title='bbox 175 3575 298 3653; x_wconf 88' lang='lat' dir='ltr'>postea</span> <span class='ocrx_word' id='word_1_201' title='bbox 330 3572 478 3639; x_wconf 87' lang='lat' dir='ltr'>additam</span> <span class='ocrx_word' id='word_1_202' title='bbox 513 3590 533 3637; x_wconf 92' lang='lat' dir='ltr'>a</span> <span class='ocrx_word' id='word_1_203' title='bbox 563 3570 834 3653; x_wconf 82' lang='lat' dir='ltr'>mythographIs‚</span> <span class='ocrx_word' id='word_1_204' title='bbox 866 3586 973 3650; x_wconf 90' lang='lat' dir='ltr'>neque</span> <span class='ocrx_word' id='word_1_205' title='bbox 995 3568 1148 3634; x_wconf 88' lang='lat' dir='ltr'>Medeam</span> <span class='ocrx_word' id='word_1_206' title='bbox 1169 3567 1362 3649; x_wconf 84' lang='lat' dir='ltr'>Scythicam</span> 
     </span>
     <span class='ocr_line' id='line_1_26' title="bbox 176 3690 1362 3777; baseline -0.007 -14"><span class='ocrx_word' id='word_1_207' title='bbox 176 3696 322 3763; x_wconf 87' lang='lat' dir='ltr'>eandem</span> <span class='ocrx_word' id='word_1_208' title='bbox 355 3712 431 3763; x_wconf 84' lang='lat' dir='ltr'>esse</span> <span class='ocrx_word' id='word_1_209' title='bbox 460 3713 563 3777; x_wconf 88' lang='lat' dir='ltr'>quem</span> <span class='ocrx_word' id='word_1_210' title='bbox 592 3694 798 3777; x_wconf 83' lang='lat' dir='ltr'>Iphigeniam</span> <span class='ocrx_word' id='word_1_211' title='bbox 831 3693 890 3759; x_wconf 90' lang='lat' dir='ltr'>sed</span> <span class='ocrx_word' id='word_1_212' title='bbox 912 3693 1105 3775; x_wconf 83' lang='lat' dir='ltr'>Scythicam</span> <span class='ocrx_word' id='word_1_213' title='bbox 1129 3708 1188 3772; x_wconf 91' lang='lat' dir='ltr'>pro</span> <span class='ocrx_word' id='word_1_214' title='bbox 1210 3690 1362 3756; x_wconf 80' lang='lat' dir='ltr'>Colchide</span> 
     </span>
     <span class='ocr_line' id='line_1_27' title="bbox 175 3814 1361 3904; baseline -0.004 -19"><span class='ocrx_word' id='word_1_215' title='bbox 175 3820 326 3901; x_wconf 86' lang='lat' dir='ltr'>positam</span> <span class='ocrx_word' id='word_1_216' title='bbox 348 3838 441 3904; x_wconf 86' lang='lat' dir='ltr'>esse,</span> <span class='ocrx_word' id='word_1_217' title='bbox 461 3838 538 3886; x_wconf 92' lang='lat' dir='ltr'>curn</span> <span class='ocrx_word' id='word_1_218' title='bbox 556 3821 639 3885; x_wconf 90' lang='lat' dir='ltr'>haec</span> <span class='ocrx_word' id='word_1_219' title='bbox 649 3818 761 3885; x_wconf 85' lang='lat' dir='ltr'>fabule</span> <span class='ocrx_word' id='word_1_220' title='bbox 775 3820 810 3884; x_wconf 91' lang='lat' dir='ltr'>in</span> <span class='ocrx_word' id='word_1_221' title='bbox 822 3818 956 3899; x_wconf 86' lang='lat' dir='ltr'>regione</span> <span class='ocrx_word' id='word_1_222' title='bbox 968 3816 1171 3883; x_wconf 89' lang='lat' dir='ltr'>nominanda</span> <span class='ocrx_word' id='word_1_223' title='bbox 1181 3814 1361 3881; x_wconf 92' lang='lat' dir='ltr'>admodum</span> 
     </span>
     <span class='ocr_line' id='line_1_28' title="bbox 175 3938 1363 4025; baseline -0.004 -16"><span class='ocrx_word' id='word_1_224' title='bbox 175 3944 405 4011; x_wconf 86' lang='lat' dir='ltr'>fluctuaverit.</span> <span class='ocrx_word' id='word_1_225' title='bbox 425 3943 516 4025; x_wconf 77' lang='lat' dir='ltr'>Quae</span> <span class='ocrx_word' id='word_1_226' title='bbox 535 3944 647 4010; x_wconf 90' lang='lat' dir='ltr'>omnia</span> <span class='ocrx_word' id='word_1_227' title='bbox 668 3943 777 4009; x_wconf 84' lang='lat' dir='ltr'>fusius</span> <span class='ocrx_word' id='word_1_228' title='bbox 800 3941 1004 4023; x_wconf 88' lang='lat' dir='ltr'>pertractavi</span> <span class='ocrx_word' id='word_1_229' title='bbox 1026 3945 1066 4005; x_wconf 89' lang='lat' dir='ltr'>ut</span> <span class='ocrx_word' id='word_1_230' title='bbox 1090 3942 1125 4005; x_wconf 82' lang='lat' dir='ltr'>et</span> <span class='ocrx_word' id='word_1_231' title='bbox 1143 3939 1310 4022; x_wconf 79' lang='lat' dir='ltr'>proferam</span> <span class='ocrx_word' id='word_1_232' title='bbox 1320 3938 1363 4004; x_wconf 89' lang='lat' dir='ltr'>de</span> 
     </span>
     <span class='ocr_line' id='line_1_29' title="bbox 175 4062 1364 4151; baseline -0.007 -15"><span class='ocrx_word' id='word_1_233' title='bbox 175 4066 297 4137; x_wconf 86' lang='lat' dir='ltr'>Medea</span> <span class='ocrx_word' id='word_1_234' title='bbox 319 4072 354 4134; x_wconf 90' lang='lat' dir='ltr'>et</span> <span class='ocrx_word' id='word_1_235' title='bbox 376 4068 546 4151; x_wconf 87' lang='lat' dir='ltr'>Iphigenia</span> <span class='ocrx_word' id='word_1_236' title='bbox 567 4067 707 4134; x_wconf 88' lang='lat' dir='ltr'>Taurica</span> <span class='ocrx_word' id='word_1_237' title='bbox 726 4065 881 4133; x_wconf 85' lang='lat' dir='ltr'>Stenderi</span> <span class='ocrx_word' id='word_1_238' title='bbox 898 4064 1117 4146; x_wconf 85' lang='lat' dir='ltr'>gravissimas</span> <span class='ocrx_word' id='word_1_239' title='bbox 1135 4062 1364 4130; x_wconf 88' lang='lat' dir='ltr'>conclusiones</span> 
     </span>
     <span class='ocr_line' id='line_1_30' title="bbox 175 4185 1364 4274; baseline -0.008 -14"><span class='ocrx_word' id='word_1_240' title='bbox 175 4196 218 4261; x_wconf 82' lang='lat' dir='ltr'>et</span> <span class='ocrx_word' id='word_1_241' title='bbox 255 4209 410 4259; x_wconf 88' lang='lat' dir='ltr'>moneam</span> <span class='ocrx_word' id='word_1_242' title='bbox 450 4192 635 4274; x_wconf 90' lang='lat' dir='ltr'>simplicem</span> <span class='ocrx_word' id='word_1_243' title='bbox 667 4193 702 4255; x_wconf 90' lang='lat' dir='ltr'>et</span> <span class='ocrx_word' id='word_1_244' title='bbox 732 4193 914 4257; x_wconf 88' lang='lat' dir='ltr'>venustam</span> <span class='ocrx_word' id='word_1_245' title='bbox 953 4188 1112 4254; x_wconf 88' lang='lat' dir='ltr'>carminis</span> <span class='ocrx_word' id='word_1_246' title='bbox 1146 4185 1364 4270; x_wconf 86' lang='lat' dir='ltr'>componendi</span> 
     </span>
     <span class='ocr_line' id='line_1_31' title="bbox 173 4312 1307 4413; baseline -0.008 -28"><span class='ocrx_word' id='word_1_247' title='bbox 173 4318 348 4386; x_wconf 90' lang='lat' dir='ltr'>rationem</span> <span class='ocrx_word' id='word_1_248' title='bbox 370 4312 607 4413; x_wconf 86' lang='lat' dir='ltr'>Apollonii‚a‘</span> <span class='ocrx_word' id='word_1_249' title='bbox 620 4330 686 4394; x_wconf 90' lang='lat' dir='ltr'>quo</span> <span class='ocrx_word' id='word_1_250' title='bbox 709 4330 917 4396; x_wconf 86' lang='lat' dir='ltr'>supervacua</span> <span class='ocrx_word' id='word_1_251' title='bbox 940 4312 1091 4378; x_wconf 90' lang='lat' dir='ltr'>doctrina</span> <span class='ocrx_word' id='word_1_252' title='bbox 1114 4312 1222 4379; x_wconf 85' lang='lat' dir='ltr'>aliena</span> <span class='ocrx_word' id='word_1_253' title='bbox 1244 4314 1307 4377; x_wconf 88' lang='lat' dir='ltr'>est</span> 
     </span>
    </p>
   </div>
   <div class='ocr_carea' id='block_1_5' title="bbox 0 0 1655 5067">
    <p class='ocr_par' dir='ltr' id='par_1_5' title="bbox 0 0 1655 5067">
     <span class='ocr_line' id='line_1_32' title="bbox 0 0 1655 5067; baseline 0 0"><span class='ocrx_word' id='word_1_254' title='bbox 0 0 1655 5067; x_wconf 95' lang='lat' dir='ltr'> </span> 
     </span>
    </p>
   </div>
  </div>
 </body>
</html>
