3300 5067
762 538 781 603 5

180 728 314 811 regione
336 730 448 795 fabula
470 730 607 796 exstitit
628 734 664 795 et
686 733 805 795 ornata
827 732 898 812 est,
923 728 1076 811 gentium
1088 728 1361 811 migrationibus,

181 870 267 933 quae
302 854 552 920 Heraclidarum
585 854 776 936 inruptione
810 852 984 919 Graeciam
1019 857 1204 937 vexarunt,
1226 854 1364 923 Doricae

180 980 219 1043 et
247 975 377 1044 Ionicae
403 978 497 1060 genti
526 978 699 1058 cedentes,
731 979 942 1060 posterorum
975 978 1149 1059 praeconio
1173 983 1364 1046 caruerunt.

180 1102 307 1169 Mansit
330 1119 370 1169 eo
382 1103 479 1169 modo
492 1102 635 1169 materia
645 1102 794 1184 propria,
815 1118 883 1167 non
901 1102 970 1167 iam
981 1101 1186 1167 carminibus
1198 1102 1365 1169 celebrata

182 1242 246 1291 nec
275 1226 330 1292 illa
364 1227 605 1308 rhapsodorum
635 1226 778 1308 familia,
812 1225 867 1290 cui
896 1240 1019 1289 nomen
1049 1223 1116 1290 hic
1146 1226 1364 1305 Homeridae,

181 1349 317 1415 exculta
344 1354 524 1431 auctaque,
556 1352 591 1415 et
618 1349 742 1415 litteris
765 1364 832 1414 non
855 1348 1016 1414 mandata
1039 1348 1074 1413 in
1097 1348 1273 1415 hominum
1294 1368 1364 1417 me·

181 1473 289 1538 moria
311 1472 379 1538 fuit
400 1473 493 1539 fluxa
513 1478 549 1539 et
568 1474 773 1539 inconstans
798 1471 900 1553 Apud
920 1470 1085 1553 plurimos
1103 1476 1367 1539 autemconstat

176 1596 455 1677 vArgonautarum
479 1596 628 1663 fabulam
650 1597 780 1679 proprie
803 1600 956 1679 spectare
966 1594 1009 1660 ad
1020 1593 1369 1676 navigationcs‚quas

181 1719 317 1807 Minyae
339 1738 417 1787 cum
438 1721 474 1787 in
495 1724 604 1787 terras
627 1720 711 1786 alias
732 1721 882 1785 remotas
904 1724 980 1785 tum
992 1718 1026 1783 in
1039 1718 1186 1784 Pontum
1196 1718 1367 1785 Euxinum

181 1843 352 1925 suscipere
383 1845 458 1909 ausi
492 1847 583 1909 sunt.
608 1842 770 1909 Phrixum
793 1841 945 1924 Minyam
968 1843 1060 1925 regia
1084 1843 1190 1925 stirpe
1213 1844 1366 1910 colonum

180 1968 304 2051 fuisse,
327 1968 384 2048 qui
407 1968 497 2033 civili
520 1967 682 2034 discordia
705 1967 848 2035 alteram
871 1966 1017 2048 patriam
1036 1969 1152 2049 petere
1172 1971 1308 2033 coactus
1320 1968 1366 2032 sit

182 2107 286 2171 seque
316 2108 394 2157 cum
421 2092 594 2174 peregrina
615 2092 716 2173 gente
738 2090 869 2157 foedere
893 2093 929 2156 et
948 2089 1115 2156 affinitate
1138 2092 1366 2174 coniunxerit,

181 2215 255 2281 veri
278 2214 387 2280 simile
410 2214 493 2280 mihi
515 2231 590 2279 esse
609 2213 760 2295 videtur,
784 2213 820 2278 ci
835 2212 941 2279 Schol.
954 2214 996 2278 ad
1008 2214 1116 2296 Apoll.
1130 2215 1236 2281 Rhod.
1253 2215 1366 2280 1:933

181 2334 404 2417 ἡΛοὶμψοοκος
436 2336 470 2401 τὸ
501 2334 638 2417 πρότερον
661 2334 790 2401 Πιτύειοο
812 2334 1060 2417 προσηγορεύετο,
1081 2336 1114 2411 ἥν
1136 2361 1215 2411 τινες
1238 2337 1367 2402 Πρτύειοο

182 2457 368 2539 ὀνομάζουσι.
393 2459 482 2532 Τινὲς
506 2458 539 2524 δέ
565 2463 661 2540 Φοοοοο
683 2457 728 2523 ὅτι
748 2456 864 2541 Φρίξος
882 2459 1041 2538 γενόμενος
1061 2458 1199 2525 ἔντοοθοο
1219 2457 1367 2541 θησαυρὸν

183 2580 292 2659 ἔθηκεν
310 2582 363 2647 aci
386 2583 450 2648 cirri
473 2556 617 2658 rodcausi
643 2582 731 2655 πόλις
755 2580 929 2661 ὠνομάσθη.
954 2590 1070 2667 Θρᾷκες
1084 2583 1146 2664 γὰρ
1168 2585 1218 2648 τὸν
1229 2583 1367 2663 θησαυρὸν

182 2706 289 2783 airino
312 2707 444 2786 λέγουσι.
468 2709 583 2775 Aureo
605 2708 727 2775 vellere
749 2706 779 2791 1)
803 2710 984 2791 significari
1007 2709 1144 2776 divitias
1166 2709 1311 2775 recentis
1332 2708 1366 2793 2)

179 2950 347 3025 intelligitur
377 2949 496 3021 Iolcum,
529 2949 746 3025 Orchomenum,
776 2948 937 3007 Corinthum
967 2948 1070 3022 mythis
1100 2951 1129 3006 et
1157 2948 1259 3006 fabulis
1278 2948 1369 3023 Argo·

179 3060 328 3116 nautarum
348 3057 401 3115 iter
422 3056 582 3116 celebrasse.

220 3162 375 3222 Admodum
401 3164 570 3221 mercaturae
590 3164 618 3220 et
638 3161 807 3235 navigationi
828 3161 975 3220 studebant
994 3161 1121 3236 Minyae,
1142 3161 1172 3219 cf
1188 3161 1319 3219 Lucanus
1339 3160 1368 3219 in

182 3270 281 3329 Phars.
302 3269 345 3328 VI
368 3286 377 3326 r
398 3268 458 3327 385
479 3284 549 3342 gens
569 3269 676 3327 incluta
695 3268 788 3327 remis.

223 3377 252 3451 1)
273 3378 315 3437 De
335 3376 420 3435 variis
441 3376 585 3435 sententiis
604 3376 733 3450 prolatis,
754 3376 821 3449 quid
841 3374 925 3435 suerit
944 3375 1015 3434 illud
1035 3375 1125 3434 vellus
1145 3391 1272 3445 aureum,
1293 3374 1369 3433 Wei-

181 3484 267 3542 cherti
287 3500 357 3557 opus
369 3484 414 3557 (de
423 3484 478 3557 Ap.
486 3482 574 3541 Rhod.
587 3481 677 3557 1821)
688 3481 823 3556 inspicere
833 3481 952 3556 pretium
963 3484 1006 3540 est
1016 3482 1218 3540 diversissimas
1227 3481 1370 3554 opiniones

181 3590 368 3649 enumerantis
397 3590 438 3663 (p.
472 3587 656 3662 rot-112):
686 3588 739 3647 iter
766 3589 993 3662 Argonautarum
1022 3588 1058 3646 ad
1085 3604 1189 3646 errores
1220 3588 1372 3646 Abrahami

181 3695 356 3769 filiorumque
385 3697 524 3769 spectare3
553 3694 643 3754 vellus
673 3712 788 3753 aureum
819 3710 879 3753 esse
909 3695 1011 3753 librum
1040 3694 1070 3752 in
1097 3711 1151 3767 quo
1171 3694 1231 3752 auri
1251 3694 1370 3753 faciendi

183 3802 253 3861 ratio
273 3804 346 3861 esset
366 3801 516 3876 descripta3
537 3801 674 3875 insignem
695 3816 755 3859 esse
776 3801 806 3859 in
826 3801 907 3859 navis
927 3800 1046 3885 aplustri
1065 3803 1115 3859 aut
1132 3800 1294 3873 (secundnm
1303 3800 1371 3860 Dio-

181 3908 291 3983 nysium
311 3907 514 3981 Mitylinaeum)
536 3910 627 3965 cutem
643 3906 738 3965 Phrixi
759 3907 859 3967 tutoris
880 3907 973 3965 Iasoni
990 3906 1129 3976 adiuncti,
1147 3907 1371 3979 quaeinterfecto

182 4015 304 4075 dehacta
334 3998 407 4072 esset
437 4016 465 4071 et
484 4016 596 4083 aumta3
617 4014 661 4072 vel
680 4015 801 4071 statuam
822 4014 961 4072 thesauris
981 4014 1102 4073 collectis
1122 4013 1241 4087 positam
1261 4014 1291 4071 in
1310 4013 1373 4072 Col·

175 4121 275 4195 chide;
309 4120 460 4194 significari
491 4137 590 4179 aurum
620 4120 768 4180 velleribus
798 4120 830 4177 in
859 4120 974 4179 flumine
1002 4119 1161 4195 inventum3
1182 4136 1243 4178 esse
1263 4135 1372 4192 quoque

181 4227 301 4286 ferarum
321 4227 424 4287 vellera
442 4245 459 4285 a
479 4227 582 4301 Minyis
603 4244 697 4287 secum
715 4227 837 4286 reducta

224 4332 254 4407 2)
273 4332 413 4393 Weichert
434 4333 616 4408 (na-114)
634 4334 711 4393 docet
728 4333 842 4393 arietem
859 4334 895 4391 ad
912 4332 1024 4391 divitas
1041 4335 1174 4406 spectare.
1191 4332 1221 4390 cf
1236 4329 1369 4389 Artemid.
