3300 5067
706 515 748 580 27

135 706 230 773 nulla
248 706 411 782 inserere,
435 683 549 789 ipsum
568 705 693 775 Valerii
711 712 950 790 argumentum
968 707 1173 791 impediebat
1191 724 1234 773 ne
1254 707 1323 773 tale

136 830 217 912 quid
240 830 376 896 faceret.

179 953 276 1020 Nave
298 952 448 1035 profecta
474 952 629 1019 Valerius
652 954 833 1037 Olympum
855 960 892 1021 et
913 954 1084 1021 coelicolas
1103 954 1248 1021 induxit.
1270 953 1322 1019 in-

134 1078 218 1161 cipit
248 1078 387 1144 historia
418 1078 553 1161 mundi,
584 1079 732 1160 gaudent
764 1078 818 1145 Dii
848 1083 885 1145 et
913 1078 1021 1159 Deae,
1044 1080 1222 1161 quodiam
1244 1078 1322 1143 finis

133 1201 235 1269 adest
256 1203 387 1269 aeterni
406 1202 527 1279 taedii,
551 1208 586 1270 et
596 1203 721 1269 Parcae
734 1203 870 1269 maioris
880 1203 975 1284 pensi
986 1203 1124 1286 cupidae
1137 1201 1181 1287 1).
1205 1203 1256 1268 At
1267 1201 1322 1267 Sol

133 1324 277 1393 moleste
311 1325 345 1391 id
378 1326 490 1392 ferens
521 1325 593 1393 Iovi
626 1326 691 1409 ipsi
723 1342 831 1392 ausus
861 1330 916 1393 est
946 1325 1138 1391 convitiari:
1170 1342 1207 1391 se
1230 1327 1341 1393 enim·

132 1449 301 1528 veritum,
325 1467 369 1517 ne
389 1450 504 1516 hostes
527 1451 676 1526 Aeetae,
699 1448 767 1517 filio
791 1466 867 1532 suo,
890 1452 1067 1531 nocerent,
1085 1466 1164 1515 eum
1184 1449 1322 1531 frigidae

131 1573 262 1656 regioni
278 1574 456 1657 Scythicae
471 1574 688 1657 praefecisse,
712 1590 857 1655 eumque
868 1575 988 1639 bmma
999 1578 1036 1640 et
1046 1573 1167 1655 tiigore
1179 1574 1321 1640 ulterius

131 1697 285 1763 recedere
304 1713 370 1764 non
382 1713 490 1780 posse.
510 1695 602 1763 Num
613 1697 758 1763 Aeetam
770 1696 953 1779 quidquam
964 1698 999 1763 in
1010 1696 1321 1780 Graeeospeceasse
1398 1702 1401 1706 '

130 1824 169 1887 et
189 1819 355 1887 Phrixum
374 1821 523 1887 invitum
541 1821 733 1904 retinuisse,
747 1823 786 1887 ut
797 1820 872 1902 ipse
886 1822 992 1887 vellus
1003 1837 1143 1887 aureum
1154 1821 1321 1887 haberet?

131 1943 243 2011 Immo
277 1960 356 2011 vero
390 1961 469 2009 eum
503 1944 650 2011 noluisse
684 1962 752 2011 una
782 1963 860 2011 cum
890 1946 1014 2011 Phrixo
1043 1946 1079 2011 in
1112 1945 1321 2011 Thessaliam

129 2066 313 2149 proticisci,
349 2064 416 2152 (Sol
449 2069 498 2133 ira
532 2068 690 2133 incensus
723 2068 930 2135 obliviscitur
959 2070 1051 2151 Argo
1074 2085 1150 2134 esse
1172 2069 1317 2150 primam

130 2207 275 2266 navem,
308 2193 348 2256 ut
377 2191 504 2257 Aeetes
537 2193 574 2257 et
604 2190 750 2257 Phrixus
772 2191 979 2257 Thessaliam
1002 2209 1061 2274 per
1083 2207 1175 2257 mare
1199 2207 1321 2273 magna

130 2316 242 2382 classe
270 2319 385 2398 petere
415 2332 480 2381 non
512 2314 697 2402 potuerint)
727 2320 767 2383 ut
798 2316 946 2383 Phrixus
975 2317 1218 2399 aparentibus
1247 2317 1320 2382 suis

130 2456 258 2523 poenas
280 2441 389 2507 iustas
411 2443 576 2524 sumeret,
601 2441 659 2507 sed
682 2441 795 2524 potius
817 2457 896 2507 eum
918 2443 1015 2524 parte
1037 2425 1168 2523 imperii
1180 2444 1216 2505 et
1227 2439 1321 2505 filiae

127 2567 295 2634 connuhio
334 2582 413 2632 eum
446 2566 509 2633 sibi
539 2566 743 2633 adiunxisse.
779 2564 852 2631 Iam
883 2566 970 2632 satis
1008 2566 1176 2631 consciam
1209 2564 1321 2630 luctus

129 2690 255 2757 silvam
278 2689 359 2756 Padi
382 2706 458 2756 esse
482 2694 591 2757 morte
614 2690 812 2757 Phaetontis
836 2688 881 2774 2).

175 2813 233 2881 Sol
251 2814 354 2896 igitur
373 2818 409 2880 et
428 2814 568 2897 Boreae,
588 2817 730 2881 tortasse
751 2814 1025 2897 septentrionalis
1043 2814 1188 2895 regionis
1204 2819 1319 2879 custos

130 2940 314 3024 (conferas,
336 2954 421 3019 quae
441 2938 551 3005 dicam
571 2938 612 3003 ad
633 2938 808 3005 ess—607
829 2954 905 3020 pag.
917 2935 973 3022 31)
991 2942 1132 3019 uterque
1144 2937 1319 3020 Scythiam

130 3064 332 3131 defendunt:
363 3062 466 3144 frigor
497 3066 533 3127 et
561 3062 650 3128 calor
672 3062 788 3129 foedus
812 3062 961 3128 inienmt
982 3062 1184 3142 easdemque
1206 3064 1321 3144 partes

128 3189 246 3270 agunt.
281 3186 371 3253 Mars
385 3186 461 3253 Soli
483 3188 681 3269 assentitur,
704 3186 787 3251 iuno
809 3188 845 3251 et
868 3184 978 3251 Pallas
1001 3186 1229 3268 indignatione
1252 3186 1317 3252 fre·

132 3313 234 3377 munt
256 3308 471 3395 (tae-530).

174 3434 226 3500 At
247 3433 397 3517 Iuppiter
419 3437 550 3501 contra:
585 3435 634 3501 ita
663 3438 753 3501 stare
784 3434 892 3501 fixum
915 3438 952 3500 et
974 3434 1186 3501 immutabile
1208 3436 1318 3499 tatum

131 3572 309 3637 rerumque
329 3557 500 3639 ordinem,
525 3574 561 3622 se
585 3573 721 3623 summa
744 3558 917 3641 aequitate
939 3560 1052 3624 omnia
1075 3559 1123 3624 ita
1145 3558 1317 3641 sanxisse,

131 3696 208 3745 cum
231 3679 379 3745 nondum
402 3679 466 3746 sibi
490 3680 549 3747 tilii
570 3679 605 3744 in
625 3680 723 3747 terris
742 3684 868 3746 essent.
892 3678 1070 3761 Scythicae
1088 3685 1206 3747 autem
1224 3682 1319 3763 genti

110 3816 319 3833 m

170 3891 199 3959 1)
221 3890 263 3949 cf.
288 3889 458 3953 ree-502.

168 3995 198 4065 2)
220 3997 250 4055 cf
258 3972 325 4056 527.
335 3996 478 4055 Valerium
489 3996 618 4054 Ovidium
628 3999 748 4055 multum
759 4012 883 4055 versasse
893 4014 978 4055 manu
988 3998 1164 4071 perspicuum
1174 4001 1231 4065 est,
1248 3998 1321 4073 quod
1391 4040 1393 4042 >

130 4101 325 4175 mythologiam
346 4101 437 4160 Ovidii
458 4118 532 4161 more
548 4102 713 4176 ubicumque
730 4105 820 4177 potest
841 4104 882 4173 (in
898 4103 1165 4179 Metamorphosibus
1174 4106 1203 4164 id
1212 4107 1281 4166 bene
1292 4123 1322 4167 se

129 4205 222 4281 lubet)
234 4208 360 4268 inseruit.
370 4208 554 4283 Mythologiae
564 4208 637 4267 enim
649 4209 802 4268 doctrinam
811 4209 901 4268 multo
910 4212 1001 4285 magis
1007 4212 1136 4271 Valerius
1142 4213 1228 4271 iactat
1237 4230 1321 4287 quam

131 4311 334 4372 Alexandrinus
352 4318 440 4390 poeta.
458 4315 504 4374 Ad
518 4316 546 4374 id
556 4315 683 4389 pluribus
693 4316 785 4375 verbis
794 4316 1037 4376 demonstrandum
1047 4319 1151 4378 occasio
1160 4336 1215 4377 non
1226 4318 1320 4377 deerit
