3300 5067
771 512 811 578 51

202 705 294 770 terra
323 705 432 773 multo
461 706 599 773 fertilior
621 711 675 774 est
699 706 775 775 aliis
797 706 926 789 Aegaei
949 709 1054 775 maris
1075 709 1204 777 insulis.
1227 711 1386 780 Libenter

202 829 373 895 consentit
394 829 493 898 lason
512 830 716 913 aliquamdiu
726 832 765 897 lu
773 833 856 899 urbo
867 849 1004 899 manere
1016 832 1386 915 sadregiumbonorsm

201 958 354 1037 recusat,
376 954 464 1034 quod
485 954 569 1023 dura
590 954 776 1023 certamina
798 955 831 1021 oi
853 955 1097 1038 impedimenta
1116 962 1207 1024 sunt
1227 958 1386 1039 Quasen·

200 1076 312 1143 tentia
343 1078 473 1160 ingenti
506 1078 626 1161 gaudio
654 1077 770 1156 audita
791 1080 951 1147 mulieres
972 1081 1009 1145 et
1032 1079 1180 1161 virgines
1203 1098 1321 1149 omnes
1342 1082 1386 1149 ad

200 1200 284 1271 litus
315 1201 525 1269 descendunt
558 1204 737 1285 hospitalia
759 1205 846 1271 dona
867 1203 1064 1285 afferentes,
1092 1207 1132 1269 ut
1153 1209 1328 1271 arcessant
1347 1206 1384 1273 in

200 1327 319 1391 urbem
359 1326 584 1407 Argonautas.
618 1326 693 1394 Non
725 1328 836 1394 hieme
869 1327 976 1393 coacti
1008 1326 1068 1391 sed
1104 1342 1219 1393 amore
1249 1329 1384 1410 pellecti

200 1454 337 1531 tempus
371 1454 504 1533 terunt,
535 1450 640 1518 donec
662 1452 826 1518 Hercules
848 1451 1035 1532 increpans.
1050 1450 1182 1517 itineris
1204 1456 1241 1517 et
1261 1453 1385 1519 laboris

200 1574 350 1655 suscepti
367 1573 459 1640 viros
477 1574 646 1641 admonet.
670 1573 739 1641 Nec
758 1574 948 1657 Hypsipyle
966 1574 1122 1641 Iasonem
1133 1574 1279 1642 retinere
1290 1577 1381 1645 vult:

200 1712 282 1762 nam
306 1713 349 1762 ex
372 1699 446 1764 eius
469 1715 525 1766 ore
536 1699 609 1782 ipso
621 1702 822 1783 cognoverat
833 1699 866 1766 ei
876 1714 1018 1781 magnos
1028 1698 1156 1765 labores
1166 1699 1384 1780 perficiendos

199 1836 285 1886 esse.
308 1822 461 1889 Μαοιοιιε
478 1818 691 1891 carissmum
713 1824 876 1891 maritum
896 1824 1009 1891 valere
1018 1823 1137 1891 iubens
1147 1823 1308 1907 petit,ut
1318 1824 1382 1891 sibi

199 1944 399 2013 mandatum
432 1947 614 2031 relinquat,
643 1948 731 2030 quod
753 1949 920 2031 perficiat,
943 1948 974 2015 si
994 1946 1049 2015 Dii
1071 1948 1135 2015 sibi
1157 1951 1383 2017 concesserint

198 2074 240 2139 ut
256 2072 375 2154 pariat
395 2073 628 2142 Admiratione
651 2079 687 2142 et
708 2091 822 2141 amore
843 2075 912 2140 iam
934 2077 1105 2156 postremo
1126 2076 1284 2156 amplexu
1305 2091 1381 2141 eam

197 2202 321 2261 tenens
342 2196 457 2275 Iason,
479 2198 556 2280 pius
578 2198 686 2282 filius,
710 2199 908 2281 respondet:
930 2198 961 2263 si
982 2196 1053 2265 fato
1075 2213 1143 2264 non
1171 2184 1381 2265 destinatum

198 2318 246 2384 sit
279 2336 316 2385 se
349 2321 384 2385 in
418 2323 563 2403 patriam
596 2323 738 2406 reverti,
772 2323 879 2389 lilium
913 2321 1067 2389 adultum
1104 2321 1230 2389 Iolcum
1263 2323 1381 2389 mittat

197 2443 288 2523 patri
309 2447 346 2510 et
368 2445 470 2510 matri
488 2448 641 2513 orbitatis
660 2447 818 2514 solatium
841 2444 883 2532 1).

244 2565 279 2632 Si
298 2568 579 2650 comparationem
590 2569 679 2637 inter
691 2569 906 2653 Apollonium
917 2572 954 2635 et
964 2568 1135 2637 Valerium
1149 2568 1378 2649 instituimus,

196 2690 750 2761 statimvidemusAlexandrinum
758 2670 1391 2775 bmcdgressionemmultisvenustis

197 2821 234 2884 et
244 2816 362 2883 facetis
373 2816 1273 2901 rebusornavisse‚omnia‚quaeadmulierumiramet
1283 2815 1379 2883 timo

195 2955 269 3006 rem
292 2944 328 3006 et
349 2940 509 3021 gaudium
529 2943 742 3026 pertineant,
762 2942 908 3009 veritate
928 2945 964 3008 et
982 2945 1078 3023 grato
1089 2940 1199 3021 lepore
1211 2939 1378 3022 deoenpta

195 3078 290 3144 esse,
325 3064 466 3145 denique
500 3070 636 3147 poetam
666 3082 778 3132 rerum
805 3065 929 3133 seriem
963 3069 1037 3131 tam
1058 3063 1157 3146 plane
1178 3069 1216 3131 et
1237 3064 1378 3131 dilucide

195 3204 363 3272 narrasse,
386 3193 427 3255 ut
446 3189 543 3256 facile
566 3190 820 3256 meminerimus
843 3189 947 3255 talem
969 3188 1106 3255 caedem
1127 3190 1163 3253 et
1174 3188 1377 3255 connubium

195 3315 341 3396 tempori
374 3314 506 3397 propria
539 3330 633 3392 esse,
667 3330 733 3395 quo
764 3313 859 3381 bellis
888 3318 925 3379 et
946 3313 1099 3395 gentium
1122 3313 1377 3394 migrationibus

195 3439 353 3506 civitates
383 3442 538 3507 turbatae
568 3455 727 3521 persaepe
755 3439 906 3521 spuriam
939 3438 1067 3520 prolem
1091 3441 1209 3503 natam
1231 3436 1377 3501 viderint

195 3562 359 3629 adulterio
378 3579 523 3629 uxorum
541 3579 619 3629 cum
630 3563 739 3629 servis
750 3568 811 3629 aut
821 3562 962 3629 advenis
972 3560 1071 3627 facto
1093 3558 1248 3627 Valerius
1259 3562 1374 3642 autem

195 3689 426 3755 interventum
457 3688 594 3754 deorum
624 3688 759 3754 inanem
785 3688 954 3768 nimisque
975 3684 1184 3767 exquisitum
1205 3683 1373 3761 adhibuit,

194 3813 329 3894 longam
358 3813 395 3877 et
422 3811 519 3893 plane
549 3810 704 3877 inutilem
734 3811 976 3893 digressionem
1002 3810 1043 3875 de
1072 3808 1173 3875 caede
1194 3807 1374 3874 mulierum

194 3936 415 4018 interposuit,
448 3951 551 4016 quam
583 3938 662 4017 post
694 3936 967 4017 Argonautarum
999 3932 1186 3999 adventum
1215 3931 1374 3999 Lemniae

194 4057 352 4124 mulieres
384 4074 428 4123 ne
457 4056 563 4123 celare
593 4058 729 4139 quidem
751 4062 890 4123 conane
913 4061 996 4124 sunt
1018 4056 1115 4138 quasi
1136 4056 1227 4123 nullo
1249 4057 1374 4123 scelere

236 4216 264 4285 1)
293 4216 421 4275 Valerius
453 4220 467 4273 1
493 4237 499 4274 :
521 4214 580 4274 824
603 4216 721 4276 alterum
740 4233 849 4291 quoque
868 4215 958 4273 filium
977 4218 1170 4275 commemorat
1189 4217 1222 4273 ut
1239 4212 1374 4288 posterior

190 4296 408 4369 mythographus
428 4312 535 4369 semper
554 4312 650 4355 ornare
670 4301 698 4356 et
716 4313 817 4370 augere
837 4297 1031 4369 argumentum
1051 4294 1129 4355 solet
