3300 5067
767 470 810 537 39

195 661 317 729 adesse
347 680 414 731 non
444 664 605 744 suspicati
624 681 757 747 sumna,
782 663 938 729 Valerius
959 664 1107 731 breviter
1130 664 1269 731 Tartara
1289 680 1381 731 oom-

197 791 382 870 memorat,
407 787 556 868 duasque
568 790 683 869 portas
694 804 780 866 esse,
790 804 935 869 quarum
945 788 1051 854 altera
1061 788 1201 870 populos
1212 791 1379 871 receptet,

195 908 302 976 altera
325 926 400 976 raro
422 914 549 993 pateat,
572 916 613 976 ut
635 928 731 993 reges
754 914 789 977 et
809 912 999 979 sacerdotes
1010 913 1052 977 ob
1063 912 1233 994 praeclara
1243 911 1334 978 facta
1343 912 1380 976 in

194 1032 372 1100 beatorum
406 1034 503 1101 sedes
536 1036 663 1103 intrare
695 1035 837 1118 possint.
866 1035 1218 1104 Animadvertendum
1251 1038 1310 1102 est
1343 1036 1380 1101 in

195 1156 322 1223 Valerii
352 1158 500 1251 carmine
531 1157 735 1242 (sao—840)
766 1159 949 1245 etiamtum
975 1159 1121 1241 vestigia
1144 1160 1289 1226 inveniri
1308 1160 1381 1227 Ho-

195 1281 340 1347 mericae
377 1279 410 1368 1)
445 1281 628 1364 opinionis,
658 1300 744 1364 quae
773 1284 947 1350 beatonrm
972 1283 1068 1349 sedes
1090 1283 1226 1370 regibus
1248 1287 1284 1349 et
1305 1300 1381 1365 pro·

194 1406 327 1471 ceribus
350 1406 429 1472 solis
452 1423 515 1472 nec
538 1406 674 1487 privatov
691 1407 776 1472 bene
795 1408 916 1489 merito
935 1406 1073 1489 aperiat.
1098 1405 1237 1487 Vergilii
1248 1423 1379 1487 qnoque

194 1528 278 1595 liher
312 1530 433 1595 sextus
467 1530 552 1595 hanc
585 1528 711 1597 Valerii
743 1535 908 1613 mentem,
939 1547 1005 1613 qua
1028 1529 1245 1613 optimatium
1267 1532 1379 1599 fautor

194 1655 388 1735 agnoscitur
409 1654 461 1731 (cf.
485 1671 560 1736 pag.
586 1654 629 1719 36
650 1654 727 1721 adn.
740 1655 781 1720 ad
794 1669 933 1721 versum
946 1655 985 1721 71
1001 1659 1036 1721 et
1057 1654 1232 1738 f6l),non
1245 1658 1377 1721 mutare

191 1777 305 1857 potuit
342 1777 512 1843 celebrans
551 1777 705 1844 laudibus
740 1778 865 1844 futuris
907 1778 1112 1844 clarissimas
1152 1779 1322 1845 Romanas
1356 1796 1377 1844 a

193 1898 345 1965 Troianis
353 1899 491 1967 ducibus
503 1902 659 1967 oriundas
671 1902 826 1967 familias.
836 1902 885 1968 At
893 1902 970 1968 vide
978 1902 1134 1983 frigidum
1144 1903 1225 1969 illud
1233 1904 1297 1969 844
1307 1920 1377 1984 seq.

422 2025 498 2107 ,ubi
521 2026 570 2091 sol
593 2029 770 2106 totumque
789 2042 849 2106 per
871 2043 998 2091 annum

330 2148 429 2214 durat
448 2150 562 2232 aprica
582 2150 654 2217 dies
677 2150 845 2231 thiasique
868 2151 1017 2218 virorum

284 2273 497 2353 carminaque
520 2277 555 2339 et
579 2291 724 2357 quorum
743 2275 880 2357 populls
900 2278 971 2341 inm
993 2278 1091 2343 nullu
1113 2274 1265 2360 cupido.”

239 2394 374 2461 Deliciis
409 2398 583 2462 beatorum
618 2397 759 2479 depictis
793 2404 892 2480 poeta
922 2399 1138 2465 nihilominus
1161 2402 1277 2465 monet
1298 2399 1379 2466 illud

193 2535 370 2585 summum
392 2522 516 2585 bonum
540 2537 798 2603 supremamque
820 2523 1016 2589 felicitatem
1034 2524 1182 2590 moribus
1201 2525 1236 2588 et
1247 2522 1379 2604 ingenio

192 2658 278 2707 suae
319 2643 443 2707 aetatis
478 2659 545 2710 non
578 2644 766 2727 concinere,
801 2663 910 2727 neque
944 2647 1046 2728 igitur
1081 2664 1218 2712 suorum
1251 2647 1378 2712 civium

191 2764 311 2831 Manes
321 2762 389 2831 iam
401 2767 506 2833 talem
517 2766 683 2849 gaudendi
694 2772 730 2835 et
741 2773 915 2835 aeternam
925 2770 1035 2836 vitam
1048 2769 1135 2834 laete
1147 2769 1266 2850 agendi
1278 2770 1377 2835 ratio-

191 2906 274 2955 nem
297 2890 478 2970 quidquam
501 2908 616 2957 curare
639 2908 738 2973 posse
762 2892 804 2968 2).
829 2893 914 2959 Boni
935 2903 1051 2958 autem
1062 2894 1184 2974 poetae
1198 2894 1250 2957 est
1263 2909 1318 2958 res
1328 2893 1377 2958 ita

165 3034 335 3045 ...—-.-—-.

235 3108 263 3173 1)
285 3105 327 3163 De
347 3104 493 3163 Homerica
513 3104 694 3177 expositione,
715 3104 825 3161 tantum
845 3102 1002 3176 proceribus
1020 3122 1038 3161 a
1058 3104 1111 3161 diis
1130 3104 1252 3163 oriundis
1272 3106 1380 3166 favente

189 3212 228 3273 of.
260 3212 391 3285 Mahaffy.
424 3210 513 3269 Social
542 3210 591 3269 life
619 3210 648 3268 in
670 3210 769 3269 Greece
791 3206 875 3286 (from
894 3209 997 3267 Homer
1017 3212 1045 3267 to
1064 3207 1226 3288 Menander)
1247 3228 1311 3285 pag.
1333 3212 1379 3283 10,

190 3317 241 3388 26,
263 3316 312 3375 27.
344 3314 415 3393 (The
441 3316 548 3375 blessed
567 3316 673 3375 islanda
694 3316 725 3375 of
742 3316 789 3374 the
809 3316 889 3375 West
908 3333 977 3374 were
997 3316 1094 3375 indeed
1115 3316 1183 3375 then
1203 3335 1220 3374 a
1239 3317 1319 3376 horne
1339 3318 1382 3377 for
1498 3351 1503 3360 ‹

188 3423 328 3483 thedoad
349 3420 399 3500 (cf.
421 3423 471 3481 Od.
492 3423 512 3481 4
533 3444 540 3481 :
562 3423 622 3483 264
643 3420 698 3497 sq.)
720 3424 770 3481 but
789 3423 855 3497 they
874 3423 929 3481 had
948 3426 996 3481 not
1005 3425 1051 3497 yet
1061 3424 1130 3481 been
1141 3423 1380 3496 openedtomoral

187 3530 294 3599 worth,
325 3546 357 3588 as
387 3531 416 3587 in
446 3530 493 3589 the
524 3530 591 3604 days
622 3529 653 3588 of
676 3528 787 3588 Pindar.
814 3529 890 3603 They
910 3546 979 3588 were
998 3528 1124 3587 reserved
1144 3529 1187 3587 for
1206 3530 1284 3587 those
1304 3530 1379 3602 who,

185 3636 247 3696 like
266 3637 424 3707 Menelaus,
445 3637 499 3695 had
519 3637 566 3695 the
586 3636 656 3710 good
676 3634 784 3693 fortune
807 3636 838 3693 of
854 3636 1051 3721 beingffnearly
1072 3634 1175 3693 related
1195 3636 1225 3693 to
1244 3635 1292 3694 the
1311 3636 1379 3709 gods

187 3744 228 3815 by
254 3743 390 3817 marriage
417 3761 447 3802 or
475 3743 571 3817 family
592 3742 775 3801 connectione.
796 3742 880 3800 From
899 3725 957 3799 this
976 3740 1148 3799 aristocratia
1168 3739 1272 3800 heaven
1291 3742 1380 3803 there·

187 3849 250 3907 fore
269 3866 337 3909 eren
357 3850 563 3923 Agamemnon,
595 3848 720 3908 Achilles
741 3848 795 3906 and
815 3847 888 3921 Ajax
907 3864 976 3907 were
996 3846 1143 3915 excluded,
1164 3846 1220 3905 and
1239 3848 1380 3908 wandered

187 3954 295 4013 forlorn
314 3955 344 4012 in
364 3955 411 4014 tho
432 3955 535 4013 doleful
555 3955 675 4013 meadow
695 3954 726 4012 of
743 3954 884 4027 asphodel.

234 4060 266 4134 2)
292 4062 367 4121 Fieri
394 4079 502 4136 quoque
521 4064 611 4135 potest
631 4064 664 4120 ut
685 4061 834 4120 acerbitate
854 4060 972 4133 quadam
992 4058 1122 4117 Valerius
1142 4060 1241 4119 dherit
1261 4061 1328 4119 haec
1344 4063 1380 4121 ad

186 4184 282 4227 mores
299 4169 470 4243 aequalium,
493 4168 542 4242 qui
562 4168 613 4227 illa
632 4168 733 4242 gaudia
752 4184 807 4227 non
827 4170 940 4237 curant,
965 4167 1160 4240 vituperandos
1180 4167 1229 4226 sed
1246 4184 1302 4225 non
1321 4168 1379 4242 epi·

187 4290 258 4333 curn
277 4274 375 4333 fuisset
396 4274 543 4348 satyricam
563 4274 593 4332 in
613 4275 742 4348 aequales
761 4274 942 4333 invectionem
962 4272 1161 4347 Argonauticis
1179 4273 1306 4332 inserere.
