3300 5067
849 487 931 566 '116

301 683 438 792 ‘amore
445 693 515 759 iem
537 693 754 770 honoratum,
777 693 890 760 virum
911 696 1126 761 constantem
1143 699 1179 763 et
1190 689 1330 778 fortem
1352 677 1502 792 dignum

310 786 425 884 divina
446 833 508 899 ope
528 792 755 898 cognovimus
1310 833 1314 838 ·

355 940 481 1007 Eodem
514 939 628 1016 modo,
663 958 728 1022 quo
758 941 918 1008 multis
909 960 945 1009 11
967 942 1088 1010 fabulis
1110 919 1259 1026 magicae
1281 919 1379 1026 opes,
1403 945 1502 1011 herc

289 1051 373 1133 'um
394 1064 531 1150 gloriam
552 1064 691 1130 minime
713 1065 925 1149 diminuunt,
948 1066 1094 1133 salutem
1116 1083 1138 1132 a
1158 1051 1274 1133 Medea
1283 1066 1504 1134 Iasoniobla-

293 1162 387 1258 'tam
411 1189 608 1297 Apollonius
630 1205 671 1254 ea
692 1188 774 1269 fide,
804 1206 908 1271 quum
930 1189 1051 1257 habere
1073 1192 1198 1258 bonum
1205 1195 1357 1333 poetam
1378 1191 1501 1274 dccet,

288 1313 292 1318 ’
313 1316 464 1382 narravit
485 1312 584 1398 (1191
587 1314 741 1389 -12251,
825 1321 831 1328 “

357 1438 523 1540 Postridie
551 1439 625 1504 eius
650 1437 718 1504 diei
738 1438 867 1503 Aeetes
889 1437 975 1504 Solis
997 1437 1104 1532 iilius,
1127 1440 1232 1506 armis
1254 1438 1440 1522 splendidis
1465 1441 1502 1505 11

313 1534 450 1634 invictis
493 1568 632 1630 ornatus
672 1571 808 1628 currum
848 1561 1023 1630 escendit
1038 1539 1075 1628 11
1116 1580 1239 1646 magna
1279 1563 1503 1666 multitudine

313 1677 463 1774 stipatus
482 1683 625 1754 11111111
645 1681 700 1770 (11
722 1683 901 1766 Neptunus
923 1684 967 1750 ad
988 1683 1083 1752 ludos
1105 1685 1267 1782 Isthmius
1288 1685 1433 1773 aliosve)
1459 1687 1502 1754 ad

315 1815 461 1881 laborem
483 1810 613 1877 Iasonis
633 1807 887 1892 inspiciendum.

359 1938 471 2004 uncto
492 1951 625 2018 corpore
645 1936 683 2000 cc
704 1933 809 1998 armis
830 1933 892 1998 au
914 1933 1152 2019 medicamine,
1188 1911 1446 2004 1111111111
1465 1937 1502 2002 ec

315 2062 557 2146 impiamenta
578 2059 715 2125 deorum
737 2057 949 2142 opem'uihili
966 2057 1092 2126 taciens
1103 2060 1233 2127 Iasonis
1243 2061 1380 2126 hastam
1390 2061 1501 2127 omni·

315 2187 380 2252 bus
390 2186 518 2251 umbus
528 2184 681 2265 frangere
692 2199 758 2248 non
769 2182 888 2262 possit
910 2183 961 2249 At
971 2181 1069 2250 Iason
1080 2200 1229 2267 pugnam
1240 2188 1364 2267 sperat.
1384 2185 1501 2252 Robur

292 2291 408 2375 'enim
429 2325 509 2374 eum
531 2308 636 2373 subiit
656 2304 863 2388 intrepidum
882 2309 919 2371 et
939 2306 1106 2374 invictum
1127 2312 1164 2375 11
1180 2309 1351 2391 utrimque
1369 2300 1502 2375 calidae

317 2450 440 2500 manus
461 2431 589 2498 viribus
609 2429 843 2495 induruerunt
866 2428 911 2495 111
932 2429 1002 2496 iiie:
1026 2430 1293 2517 (1259-1262).·

429 2582 467 2654 ὡς
490 2578 563 2645 δ’ίτ’
585 2581 686 2660 σίριίὼς
708 2575 801 2651 ime
823 2577 1000 2656 ἐελδόμενος
1020 2579 1165 2658 πολέμοιο

429 2702 579 2785 σκαρθμῷ
600 2701 817 2784 ἐπιχρεμέθων
837 2701 932 2783 κρούει
955 2703 1059 2777 acccc,
1082 2706 1180 2786 αὐτὰρ
1199 2703 1329 2786 ὕπερθεν
1347 2693 1351 2698 ’

428 2829 547 2895 κυδιόων
567 2826 694 2909 ὀρθοῖσιν
716 2829 767 2891 ἐπ’
788 2826 889 2892 οὔασιν
913 2827 1020 2909 αὐχέν’
1045 2829 1148 2910 σίείρει·
1203 2817 1206 2820 ’

318 2985 455 3050 hastam
485 2984 622 3048 vibrans
650 2981 717 3046 huc
745 2983 850 3062 atque
879 2937 957 3048 illuc
979 2999 1092 3048 morae
1113 2982 1296 3067 impatiens
1317 2981 1420 3063 pedes
1444 2999 1502 3047 sn·

318 3111 439 3179 blimes
459 3106 854 3195 movet(1265-1267).

430 3257 526 3338 φαίης
547 3281 598 3321 κεν
618 3256 755 3339 ζοφεροῖο
775 3259 846 3322 κατ’
869 3255 992 3338 αίθέρος
1014 3254 1176 3320 ἀίσσουσαν

291 3406 297 3415 ·
429 3380 587 3465 χειμερίιμ
608 3383 752 3462 στεροπὴν
773 3379 905 3458 θαμινὸν
927 3376 1258 3459 μεταπαιφάσσεσθαι

431 3510 465 3573 ἐκ
487 3507 617 3589 νεφέων,
639 3504 723 3570 tr*
707 3528 832 3571 eterra
840 3501 1034 3582 μελάντατον
1057 3500 1169 3582 ὄμβρον
1192 3501 1339 3579 ἄγωνται.

281 3669 300 3784 ζ
363 3676 539 3744 uanae
528 3695 565 3742 m
597 3675 757 3742 sedilibus
790 3692 835 3741 ex
868 3673 982 3740 ordine
1014 3672 1228 3740 considentes
1260 3671 1433 3738 deterrime
1467 3673 1503 3738 in

319 3819 478 3884 campum
505 3801 607 3866 Marti
635 3802 808 3865 sacratum
830 3799 1008 3880 remigant
1041 3796 1090 3863 Ob
1110 3797 1395 3878 comparationem
1416 3797 1503 3862 bene

320 3927 532 3992 emunctam
564 3929 601 3990 et
630 3939 770 3988 coronae
791 3922 919 3988 civium
941 3921 1076 4005 scopulo
1097 3920 1332 3986 insistentium
1353 3924 1390 3986 et
1411 3921 1503 4004 regis

319 4049 364 4114 ad
396 4049 505 4131 ripam
532 4046 629 4113 fluvii
657 4046 805 4113 laborem
826 4045 957 4111 Iasonis
979 4045 1190 4127 inspicientis
1212 4044 1446 4127 gratissimam
1467 4045 1504 4110 et

320 4175 515 4239 accuratam
536 4170 810 4251 descriptionem,
841 4185 907 4250 quo
928 4168 1076 4234 iocorum
1097 4171 1255 4233 naturam
1277 4170 1315 4233 11
1336 4169 1504 4250 spectate

321 4315 400 4364 rum
420 4299 553 4362 statum
574 4295 751 4376 descripsit
772 4292 987 4376 Apollonius,
1010 4292 1120 4358 citabo
1144 4291 1371 4357 1271-1277.
