3300 5067
822 477 886 544 108

263 674 441 758 compellet
463 677 501 740 et
523 674 745 742 medicamina
768 675 843 758 det,
868 679 904 742 et
926 678 966 743 ut
989 676 1039 742 sol
1061 675 1189 742 oriatur
1213 679 1287 742 tam
1309 673 1456 757 cupiens

264 799 331 866 822
355 814 445 879 seq.=

421 918 520 985 πυκνοὶ
542 919 631 986 δ’σίνοο
652 920 783 997 κληῖδος
806 921 859 986 ἑῶν
883 919 991 986 λύεσκε
1015 917 1150 1003 sapam,

417 1042 531 1122 ιοιίγλην
550 1044 761 1123 σκεπομένη,
784 1054 823 1128 τῇ
844 1043 1027 1110 δὀίσποίσνον
1050 1043 1133 1122 βοίλε
1156 1044 1286 1126 φέγγος.

341 1188 356 1201 ··
384 1158 387 1163 ’
420 1140 598 1248 Ἠρεγενης,
621 1167 736 1233 κίννντο
755 1169 849 1234 doira
871 1165 1050 1249 πτολίεθρον
1073 1166 1206 1233 ἕκαστον.
1280 1159 1285 1176 ”

308 1293 373 1360 His
394 1293 661 1362 dubitationibus
683 1301 720 1364 et
741 1296 845 1362 anxia
867 1299 983 1362 mente
1002 1298 1158 1361 teneram
1176 1295 1454 1378 puellamvexari

264 1419 448 1499 antequam
477 1435 515 1484 se
544 1418 702 1485 omnibus
723 1419 879 1501 periculis
900 1434 961 1500 pro
983 1419 1055 1484 viro
1078 1419 1192 1484 amato
1214 1417 1336 1484 obiciat
1364 1421 1456 1486 bene

264 1541 433 1608 intellexit
454 1542 664 1624 Apollonius:
696 1558 736 1608 eo
759 1541 884 1608 maiore
907 1541 1129 1607 admiratione
1153 1540 1253 1622 digna
1271 1544 1338 1626 est,
1362 1541 1455 1623 quod

263 1682 330 1732 non
352 1683 452 1732 suam
476 1661 536 1731 sed
559 1660 652 1731 illius·
666 1665 811 1731 salutern
833 1663 1171 1747 curansomniopcra
1182 1664 1277 1730 illum
1288 1664 1458 1731 servavit.

264 1762 453 1855 soaaaal'ss
478 1805 486 1815 ··
514 1811 517 1818 ·
698 1781 701 1786 ·
914 1784 917 1790 ’

308 1909 432 1978 Induta
453 1885 787 1995 peplum'pulchrum
811 1913 966 1995 vestigiis
988 1913 1109 1980 doloris
1131 1917 1167 1980 et
1187 1913 1306 1982 dubiae
1324 1913 1461 1979 mentis

267 2035 507 2118 detersisipsa
529 2036 595 2103 835
610 2053 704 2118 seps

515 2155 521 2174 ‘
555 2154 647 2224 αὑποῦ
669 2159 703 2224 δὲ
727 2160 830 2239 δόμοις
851 2159 1045 2226 ε’νιδννειίονσοο
1169 2169 1171 2174 ’

422 2283 529 2361 στεῖβε
553 2284 643 2349 πέδον
665 2283 746 2368 λήθη
769 2283 889 2365 οίχὲων,
912 2283 955 2348 τοί
978 2285 1004 2349 οἱ
1026 2287 1056 2349 ἕν
1079 2285 1166 2352 ποσίν
1191 2282 1239 2361 ἦεν

383 2429 386 2439 ·
423 2402 565 2470 θεσπέσι’
588 2406 676 2472 ἄλλοί
698 2409 727 2471 τ’
752 2406 883 2486 ἔμελλεν
906 2406 1097 2484 σίεξνίσεσθοπ
1119 2409 1242 2478 ίπίσσον.

311 2529 421 2596 'lanta
455 2531 602 2599 veritate
635 2550 703 2598 non
735 2533 841 2599 animi
874 2527 1117 2602 commotiones
1152 2537 1240 2603 solas
1275 2534 1458 2618 descripsit

267 2655 465 2738 Apollonius
494 2657 553 2722 sed
575 2657 729 2724 habitum
752 2655 884 2742 totum,
907 2647 1061 2740 vultum,
1084 2662 1274 2744 ingressum
1296 2660 1393 2742 quasi
1415 2659 1456 2726 in

266 2786 436 2866 tempore,
471 2799 537 2864 quo
569 2781 661 2847 nulla
689 2799 747 2848 ars
777 2785 909 2849 scenica
931 2784 1061 2866 floruit,
1096 2787 1212 2850 noster
1235 2787 1315 2851 ante
1338 2784 1459 2851 oculos

266 2906 421 2973 habuerit
451 2906 657 2972 clarissimas
687 2908 828 2973 actrices
851 2902 1000 2974 scenicas
1023 2909 1124 2974 huius
1146 2908 1282 2976 aetatis.
1313 2907 1457 2974 Memini

267 3035 419 3097 nostram
443 3030 693 3097 celeberrimam
712 3003 1128 3099 Frenkel-Bouwmeester
1141 3050 1300 3115 magnam
1312 3032 1459 3114 gloriam

267 3154 425 3238 adipisci,
460 3155 548 3236 quod
579 3155 614 3220 in
643 3156 751 3237 primo
774 3157 855 3222 actu
877 3155 1041 3222 dramatis
1067 3155 1260 3240 „Fedora''‚
1284 3173 1305 3221 a
1328 3153 1456 3222 Gallico

267 3284 367 3362 poeta
400 3278 527 3345 Sardou
561 3278 694 3361 scripti,
728 3279 867 3346 anxiam
902 3282 1053 3344 mentem
1083 3257 1324 3346 tremebundae
1339 3270 1457 3362 'impa-

268 3403 389 3469 tientia
412 3418 524 3469 morae
547 3382 696 3468 mulieris
718 3403 823 3468 etiam
846 3401 966 3468 melius
988 3401 1126 3469 imitata
1148 3403 1194 3468 sit
1213 3421 1316 3484 quarn
1327 3399 1456 3470 Gallica

267 3528 373 3594 aaran
406 3526 564 3593 neman
600 3525 691 3606 uuae
725 3531 807 3593 tunc
838 3527 873 3593 in
906 3527 1040 3593 theano
1073 3526 1160 3611 vidi,
1195 3500 1276 3608 regr‘
1293 3528 1329 3594 rn
1351 3526 1456 3609 Apol-

267 3652 348 3718 lonii
381 3651 538 3717 carmine.
573 3650 612 3716 lu
647 3652 709 3716 hoc
737 3650 819 3717 libro
850 3647 950 3717 tertio
979 3649 1176 3731 Apollonius
1203 3650 1284 3716 locis
1306 3650 1456 3717 laudatis

267 3792 402 3841 summa
423 3775 632 3874 praestantia
653 3778 689 3840 et
711 3775 858 3841 veritate
881 3774 1113 3857 descriptionis
1132 3791 1198 3840 non
1210 3775 1338 3840 minore
1349 3774 1456 3857 gloria

268 3898 389 3981 dignus
422 3882 489 3964 ese·
505 3910 608 3980 qnam
630 3900 671 3965 ob
694 3879 1004 3982 pronuntiationem
1027 3901 1062 3963 et
1085 3897 1254 3965 actionem
1276 3904 1313 3966 et
1335 3903 1455 3982 gestus

268 4021 409 4090 actrices
431 4025 582 4100 scenicae
598 4023 706 4110 'huius
727 4023 891 4104 temporis
914 4023 1129 4095 clarissimae.

313 4146 405 4229 Quae
427 4152 616 4228 sequuntur
637 4147 765 4228 optima
788 4151 999 4230 etpargrata
1008 4187 1018 4229 ‚=
1035 4147 1068 4212 in
1082 4146 1281 4214 memoriam
1292 4154 1456 4217 revocant

267 4271 552 4339 venustissimum
575 4271 746 4353 Odysseae
769 4272 891 4338 librum
914 4270 947 4339 V
970 4270 1046 4354 (sub
1068 4268 1185 4358 finem)
1208 4276 1244 4338 et
1267 4272 1324 4340 vi.
1347 4270 1455 4339 lussit
