3300 5067
872 497 917 562 60

302 697 339 761 et
367 710 452 776 quos
477 694 602 760 iterum
624 693 659 758 in
681 695 808 759 terram
834 708 984 759 remeare
1006 690 1102 775 (385,
1126 689 1224 774 386),
1245 690 1346 756 Furia
1367 690 1496 756 comite

302 817 426 901 addita,
435 816 518 883 sinit
528 816 635 899 Pluto,
649 816 780 899 proprie
793 815 934 882 eaedem
945 815 1208 882 suntacFuriae
1218 812 1494 896 ipsae,aquibus

303 942 457 1008 homines
479 939 616 1006 melotis
638 940 702 1007 sibi
726 940 850 1007 conscii
861 945 1041 1006 resanuit.
1054 939 1291 1006 Ourasautem
1301 943 1339 1005 et
1348 939 1495 1005 timores

303 1063 455 1129 homines
477 1065 593 1129 sontes
615 1063 821 1131 intrinsecus
833 1062 1495 1131 sollicitantesextrinsecusinbomines

304 1188 428 1253 irruere
461 1186 596 1253 indutos
628 1187 805 1255 liniarum
840 1187 985 1270 formas,
1018 1189 1092 1254 sine
1120 1187 1197 1253 ullis
1217 1186 1492 1268 pbilosophorum

305 1311 463 1378 doctinis
491 1312 559 1378 iam
587 1310 837 1394 antiquissimis
868 1312 1075 1395 temporibus
1101 1311 1382 1393 excogitaverunt
1403 1326 1493 1377 mor-

304 1435 391 1502 tales
415 1433 459 1520 1).
482 1434 578 1501 Nova
600 1440 638 1501 ct
660 1436 746 1501 mira
768 1435 925 1503 adiunxit
942 1436 1116 1513 Valerius,
1139 1435 1227 1516 quod
1248 1435 1493 1518 bomines‚qui

305 1575 366 1624 sua
388 1561 509 1641 sponte
531 1559 656 1625 scelere
677 1558 803 1625 nefario
824 1558 943 1641 polluti
965 1560 1052 1642 sint,
1076 1577 1098 1625 a
1119 1559 1230 1625 Furiis
1251 1559 1371 1625 vexari
1390 1559 1493 1625 linxit

305 1683 365 1749 sed
387 1698 462 1764 eos,
496 1682 554 1764 qui
576 1682 676 1749 inviti
697 1682 825 1749 crimen
849 1684 1081 1749 commiserint
1102 1684 1226 1765 quique
1247 1700 1315 1750 non
1337 1684 1497 1748 insontes

306 1806 366 1871 sed
388 1805 504 1887 crdpae
525 1806 676 1888 proxime
699 1805 790 1889 (399)
813 1807 901 1888 sint,
925 1813 1041 1873 mente
1059 1807 1192 1872 conscia
1213 1810 1250 1872 et
1271 1807 1497 1872 tantumsuis

306 1929 405 1995 factis
427 1930 518 2013 carpi
540 1930 589 2008 dl:
613 1930 792 1997 discrimen
814 1931 937 1997 falsum
957 1932 1124 2013 nimisque
1145 1932 1349 2013 quaesitum.
1373 1930 1495 1996 Omnia
1542 1934 1547 1937 ’

307 2054 416 2133 enim,
438 2070 523 2135 quae
545 2055 699 2121 homines
721 2057 784 2121 sibi
807 2056 943 2122 sceleris
969 2056 1093 2122 conscii
1113 2058 1228 2120 mente
1246 2056 1496 2138 agitant,sunt

307 2176 427 2243 Furiae
462 2178 555 2260 ipsae
588 2196 650 2245 nec
683 2178 790 2245 ullum
813 2179 994 2245 discrimen
1017 2195 1094 2245 esse
1115 2182 1231 2261 potest
1252 2180 1342 2245 inter
1373 2179 1497 2245 Furias

309 2304 345 2367 et
366 2303 534 2367 consciam
557 2307 719 2370 mentem.
747 2304 865 2369 Manes
888 2308 1023 2388 autem,
1046 2320 1131 2385 quos
1153 2303 1308 2369 Valerius
1327 2319 1386 2385 pro
1404 2301 1500 2368 Diris

309 2426 439 2509 posuit,
462 2426 589 2493 nullam
611 2428 653 2492 ab
676 2426 751 2493 aliis
761 2428 796 2493 in
807 2426 890 2493 alios
902 2429 1139 2494 transitionem
1151 2427 1290 2493 faciunt
1301 2424 1495 2493 Secundum

308 2549 705 2635 Pythagoraeffllatonis,
714 2550 855 2634 Vergilii
867 2551 1040 2634 opiniones
1047 2552 1089 2617 de
1096 2552 1286 2617 animorum
1294 2551 1500 2631 migratione

309 2675 413 2741 animi
445 2691 512 2741 non
544 2692 718 2742 caesorum
750 2676 810 2743 sed
840 2692 975 2760 eorum,
1002 2677 1059 2757 qui
1082 2677 1209 2742 crimen
1233 2671 1493 2756 commiserunt,

310 2798 475 2881 corporeis
508 2799 652 2865 vinculis
682 2800 785 2866 soluti
815 2798 1016 2866 oblivionem
1039 2805 1075 2866 et
1097 2800 1228 2881 quibem
1248 2800 1495 2881 postmortem

310 2939 376 2988 non
407 2922 582 3003 attingunt
618 2923 678 2989 sed
708 2926 785 3005 post
815 2923 931 3005 longos
962 2920 1090 2989 errores
1119 2923 1223 2989 variis
1245 2924 1280 2988 in
1303 2923 1496 3005 corporibus

311 3045 451 3111 moratis
481 3050 517 3112 et
539 3046 588 3112 ita
609 3046 733 3112 scelere
755 3046 920 3113 absolutis
943 3046 1082 3112 tandem
1103 3047 1296 3129 ignoscitur.
1320 3045 1496 3112 Valerium

310 3167 414 3249 igitur
445 3184 506 3233 suo
539 3170 677 3236 obscuro
712 3169 826 3246 modo,
862 3170 920 3251 qui
948 3169 1060 3236 taedio
1082 3170 1202 3253 plenus
1224 3174 1296 3248 est,
1325 3168 1497 3236 nonnullis

308 3451 378 3508 quae
398 3435 594 3507 postmortem
614 3434 715 3492 scelere
735 3434 842 3507 polluta
862 3433 1002 3507 quiescere
1021 3436 1140 3507 nequeat
1159 3433 1208 3491 sed
1226 3435 1290 3506 post
1306 3434 1411 3492 multas
1420 3436 1500 3491 tran·

309 3540 422 3600 sitiones
450 3541 599 3613 purgetur,
630 3539 725 3599 docuit
754 3540 875 3615 Bcnoit,
901 3539 982 3598 cuius
1007 3539 1070 3597 vido
1099 3539 1303 3597 adnotationem
1329 3538 1361 3597 in
1387 3555 1495 3598 versum

309 3649 377 3708 743.
396 3647 471 3706 Fieri
491 3649 590 3720 potest,
612 3650 644 3705 ut
662 3647 790 3705 Valerius
810 3648 886 3705 hunc
905 3646 1023 3719 Vergilii
1043 3645 1135 3704 locum
1155 3661 1210 3704 non
1230 3646 1299 3704 bone
1319 3644 1494 3715 intellexerit,

310 3770 364 3827 quo
383 3770 473 3813 errore
492 3754 560 3813 haec
580 3752 613 3813 de
632 3754 763 3813 Manibus
782 3754 875 3827 opinio
895 3754 955 3813 eius
975 3756 1042 3811 nata
1062 3752 1109 3810 sit.

351 3861 381 3931 1)
401 3860 531 3918 Conieras
550 3860 661 3918 fabulas
681 3860 716 3917 ad
738 3860 865 3918 Orestem
884 3860 1063 3934 pertinentes.

350 3964 381 4040 2)
402 3965 478 4023 Iram
497 3966 584 4025 severi
604 3967 751 4041 sauguinis
770 3969 798 4024 et
818 3966 948 4025 Dolorem
967 3962 1074 4044 (partes
1093 3965 1181 4038 igitur
1199 3963 1325 4022 Manium
1333 3964 1353 4038 i)
1371 3964 1496 4039 precibus

310 4072 341 4130 in
360 4071 467 4145 effigies
486 4072 607 4130 virorum
627 4073 745 4131 transire
765 4076 862 4131 narrat
880 4072 999 4131 Flaccus
1018 4087 1100 4130 versu
1120 4071 1195 4129 445:
1226 4073 1289 4143 post
1307 4073 1366 4128 tam
1387 4072 1496 4145 longam

311 4178 470 4248 doctrinam,
491 4195 574 4251 quam
595 4178 778 4252 (377-416)
800 4178 981 4252 philosophus
1000 4180 1093 4236 noster
1113 4180 1230 4236 conatur
1238 4176 1369 4250 probare,
1381 4176 1496 4235 ridicula

311 4288 339 4345 et
358 4284 473 4359 puerilis
492 4285 623 4343 narratio.
