3300 5067
737 513 777 582 ,71

165 705 292 772 Valerii
314 707 463 773 carmine
483 706 634 790 Wagner
651 708 722 790 ipse
735 706 1013 792 (commentarius
1024 709 1224 788 perpetuus,
1240 703 1349 792 1805),

165 827 374 912 ‘quamquam
396 832 518 913 ubique
541 830 718 897 admodum
743 847 821 896 eum
844 830 997 912 miratur,
1022 833 1230 910 supervacua
1252 833 1288 896 et
1309 831 1351 896 ab

166 959 369 1037 argumento
401 954 510 1022 aliena
544 955 684 1021 iudicat:
719 955 809 1022 Ionis
840 971 895 1021 res
917 955 1078 1022 adversas
1101 958 1138 1021 et
1159 971 1287 1022 errores
1309 955 1351 1028 ab

167 1079 285 1146 Ovidio
317 1081 353 1145 in
375 1080 502 1145 Metam
526 1080 547 1143 4
571 1097 580 1142 ε
604 1072 780 1146 568-’ἲ48
802 1079 927 1146 festive
949 1085 986 1146 et
1008 1079 1144 1161 pulchre
1166 1077 1351 1161 descriptos

166 1219 276 1284 neque
307 1202 407 1268 auxit
427 1202 582 1269 Valerius
605 1219 714 1285 neque
737 1203 919 1284 superavit
952 1203 1109 1270 Inousare
1133 1202 1236 1272 velim
1258 1201 1352 1268 Flac-

164 1343 247 1392 eum
279 1326 368 1406 quod
396 1327 521 1393 bonum
551 1328 744 1410 exemplum
773 1329 956 1394 immutare
979 1335 1084 1392 ausus
1107 1328 1162 1391 est
1185 1324 1351 1392 Ciceronis

166 1448 250 1515 illud
271 1447 326 1535 (de
348 1453 432 1516 orat.
457 1452 475 1517 1
501 1471 509 1512 :
534 1449 590 1536 34)
614 1451 755 1528 oblitus,
778 1452 836 1518 ubi
858 1450 999 1522 crassus
1021 1451 1143 1516 doeens
1165 1449 1350 1516 illustribus

166 1571 334 1654 exemplis
351 1574 524 1641 vertendis
543 1576 597 1641 vel
616 1575 785 1642 variandis
802 1575 985 1656 periculum
998 1575 1136 1640 subesse
1149 1590 1209 1655 ne,
1233 1573 1350 1655 siquis

166 1697 295 1762 eisdem
329 1698 441 1764 verbis
474 1701 641 1772 uteretur,
673 1697 756 1764 nihil
786 1699 865 1763 novi
889 1698 1059 1780 proderet,
1082 1697 1112 1762 si
1134 1696 1221 1778 alite,
1245 1697 1350 1762 etiam

165 1822 320 1905 obesset,
342 1839 420 1888 oum
444 1824 558 1889 minus
580 1822 708 1889 idoneis
730 1822 781 1888 uti
806 1823 1049 1888 oonsuesoeret.
1084 1820 1350 1887 Anaohronismo

166 1945 250 2011 duro
271 1946 395 2012 labitur
416 1946 588 2027 Valerius,
611 1945 700 2028 quod
722 1948 821 2011 rates
839 1945 947 2026 prima
966 1947 1079 2010 carina
1090 1945 1218 2010 vehens
1230 1945 1351 2010 miram

165 2069 209 2134 de
230 2069 380 2152 Aegypti
402 2071 540 2137 urbibus
562 2073 599 2142 et
619 2070 701 2144 loeis
723 2069 901 2136 scientiam
923 2068 1058 2151 profert.

211 2191 409 2274 Apollonius
442 2195 673 2275 Argonautas,
705 2193 831 2276 partim
865 2193 1071 2274 colonorum,
1102 2191 1228 2274 partim
1258 2191 1350 2258 lenes

165 2332 280 2382 mores
313 2321 349 2382 et
378 2317 570 2398 disciplinae
599 2317 831 2397 libertatisque
860 2317 970 2382 lucem
1000 2314 1217 2382 afferentium
1236 2320 1350 2398 partes

165 2445 322 2522 agentes,
359 2441 393 2506 in
426 2442 595 2522 regionem
629 2441 805 2522 Thyneam
836 2456 962 2512 navem
995 2438 1164 2521 appulisse
1197 2440 1350 2505 versibus

171 2567 233 2632 178
264 2583 334 2646 seq.
357 2568 482 2632 narrat.
511 2565 693 2647 Phineum,
723 2565 802 2630 love
831 2563 940 2630 invito
963 2563 1075 2629 omnia
1096 2562 1211 2628 sutura
1232 2578 1350 2628 canere

165 2706 307 2772 ausum,
328 2689 413 2755 lueis
434 2692 592 2772 egentem
614 2693 650 2755 et
662 2691 771 2754 morte
790 2688 1012 2769 destitutum,
1033 2686 1158 2752 Boreae
1176 2685 1348 2752 filiiZates

167 2815 204 2879 et
225 2811 334 2879 Calais
352 2812 578 2879 liberaverunt
589 2811 671 2876 diris
682 2816 719 2878 et
733 2810 854 2878 taetris
865 2810 1042 2892 Harpyiis,
1062 2810 1120 2891 qui
1131 2826 1249 2875 omnes
1261 2810 1351 2876 eibos

165 2938 345 3004 foedabant
373 2940 410 3002 et
432 2940 569 3002 tantum
592 2937 689 3003 modo
711 2935 879 3017 reliquum
901 2935 1085 3008 faciebant,
1109 2950 1174 3014 quo
1197 2937 1350 2999 senectu-

166 3067 239 3129 tem
263 3061 490 3127 miserrimam
512 3062 645 3126 trahere
667 3064 784 3143 posset
808 3061 849 3142 l).
908 3127 912 3133 ,

210 3184 323 3252 Alites
342 3187 483 3252 iuvenes
501 3184 663 3250 sublimes
679 3184 824 3249 insecuti
843 3185 924 3249 sunt
942 3199 1024 3248 aves
1036 3198 1142 3263 usque
1154 3181 1197 3246 ad
1208 3180 1349 3258 insulas,

166 3311 290 3392 quibus
312 3308 517 3390 Strophades
540 3324 664 3374 nomen
682 3307 801 3382 datum
820 3310 892 3383 est,
914 3307 1003 3388 quod
1025 3305 1088 3372 Iris
1111 3305 1228 3371 anve
1245 3303 1350 3368 missa

166 3437 308 3502 iuvenes
328 3435 375 3501 ibi
397 3437 529 3500 vortere
539 3433 704 3499 iusserat:
727 3448 814 3514 quae
825 3431 1004 3514 explicatio
1015 3430 1195 3498 admodum
1207 3428 1350 3494 Alexan·

167 3560 263 3627 drina
279 3562 348 3636 est.
1243 3563 1247 3570 “

211 3684 422 3766 Quamquam
444 3679 599 3747 Valerius
620 3680 837 3762 Apollonium¹
858 3679 1013 3747 imitatus
1037 3695 1103 3745 non
1126 3676 1223 3756 longe
1246 3677 1288 3740 ab
1311 3691 1350 3740 eo

166 3809 325 3890 recessit,
356 3811 473 3872 tamon
500 3805 729 3885 inveniuntur,
762 3805 884 3889 quibus
906 3801 1040 3884 ingenia
1062 3805 1097 3867 et
1120 3799 1247 3865 indoles
1270 3799 1351 3865 utri·⁴

207 4099 237 4171 1)
248 4099 345 4188 rana
354 4097 505 4157 ananau
514 4097 698 4172 Apollodorus
707 4097 742 4156 ab
751 4087 807 4169 lp.
818 4095 906 4154 mou.
917 4079 1061 4167 usaepai.
1073 4090 1311 4153 nturnsezar:
1325 4091 1352 4151 r.

172 4231 179 4238 ·
206 4205 344 4264 Diodorus
372 4205 557 4264 narrationem
586 4199 668 4278 longe
697 4203 833 4262 diversam
854 4201 957 4275 profert
978 4201 1019 4258 IV
1041 4221 1048 4258 ε
1069 4199 1089 4256 4
1110 4221 1117 4258 :
1137 4200 1177 4258 43
1199 4221 1206 4258 z
1227 4200 1245 4258 3
1266 4200 1294 4258 et
1313 4196 1353 4256 44

164 4315 195 4370 et
214 4311 351 4386 imprimis
370 4310 390 4367 4
411 4332 418 4369 ι
439 4311 480 4369 44
500 4331 507 4368 ι
528 4311 557 4369 5.
1311 4326 1314 4331 ·
