3300 5067
305 724 435 791 uiremi
448 725 571 806 etpost
583 722 732 804 equitem
743 720 841 788 sedet
852 723 1018 787 attacum
1032 756 1076 767 —
1091 736 1167 786 aero
1177 720 1306 787 iustam
1316 720 1390 789 eius
1400 721 1489 789 iram
1597 697 1598 700 ¹

306 851 454 914 veretur.
481 846 559 913 Dux
581 846 683 929 igitur
704 846 807 913 111111
829 850 945 913 mente
966 844 1156 928 praesagit,
1177 843 1258 925 quid
1278 845 1315 910 in
1336 845 1449 927 patria
1467 861 1489 909 a
1597 889 1598 926 ,

305 971 439 1038 furente
457 987 534 1053 rege
556 970 689 1038 miseris
704 970 901 1053 parentibus
923 972 962 1036 et
972 968 1037 1035 sibi
1046 967 1235 1035 immineat
1257 967 1490 1036 Peliasdolore
1597 959 1598 1046 J

306 1095 361 1163 sui
381 1096 491 1179 impos
512 1095 548 1161 in
569 1095 665 1161 litore
688 1110 812 1162 navem
834 1096 1096 1160 evanescentem
1117 1092 1237 1171 1111111,
1255 1108 1359 1174 quam
1373 1091 1490 1159 mutis·

306 1222 393 1287 sime
426 1223 553 1305 potest,
598 1220 726 1287 frustm
759 1218 986 1302 persequitur,
1032 1219 1074 1284 ut
1106 1218 1186 1285 olim
1215 1217 1340 1285 Minoia
1371 1218 1490 1283 cohors
1597 1219 1598 1224 ’

306 1344 491 1411 Daedalum
508 1345 570 1411 alis
593 1344 772 1411 sublimem
783 1360 821 1410 se
832 1343 1010 1411 tollentem
1020 1342 1116 1410 vidit
1133 1342 1329 1425 Apollonius
1339 1342 1491 1409 Rhodius

307 1469 443 1536 tantum
476 1472 592 1536 narrat
617 1470 745 1536 Peliam
772 1469 939 1549 veritum,
963 1484 1008 1533 ne
1028 1469 1072 1534 ab
1093 1468 1231 1549 Iasone,
1253 1467 1387 1535 aemulo
1410 1482 1489 1547 suo,

295 1610 408 1677 regno
430 1593 670 1676 expelleretur,
692 1593 797 1659 maris
820 1597 858 1659 et
879 1592 1072 1675 peregrinae
1082 1593 1228 1675 regionis
1238 1593 1394 1676 periculis
1405 1591 1490 1659 oble

306 1718 393 1783 cisse
404 1733 483 1782 eum
494 1718 586 1782 omni
597 1717 693 1799 culpa
703 1720 894 1784 vacantem.
905 1716 1139 1784 Atinl'alerii
1149 1718 1299 1785 carmine
1306 1716 1491 1784 misericor·

307 1842 399 1907 diam
420 1843 536 1906 movet
558 1838 630 1918 ille,
655 1840 799 1907 crudelis
821 1840 958 1922 quidem
980 1841 1490 1923 tyrannnssedamantissimus

307 1968 422 2049 pater,
441 1963 497 2044 qui
516 1963 583 2031 filio
593 1967 689 2047 rapto
700 1965 811 2031 iustas
821 1980 948 2045 poenas
958 1964 1001 2031 ab
1012 1962 1130 2031 Iasone
1140 1965 1281 2047 eiusque
1292 1965 1489 2047 perennans

307 2102 442 2154 sumere
453 2085 602 2154 decrevit
614 2084 830 2173 (tos—729).
848 2087 1034 2155 Parentum
1044 2092 1162 2155 autem
1175 2106 1267 2155 mors
1280 2089 1489 2170 Argonauta·

308 2228 385 2278 rum
407 2208 501 2276 ducis
522 2210 784 2292 imprudentiam
806 2213 843 2277 et
864 2211 984 2278 inutile
1006 2212 1136 2279 lacinus
1146 2217 1311 2295 13311111
1319 2215 1490 2293 etmagna
1525 2286 1528 2293 ,

308 2332 510 2401 contumelia
531 2350 610 2399 eum
633 2333 750 2402 afficit.
774 2334 897 2401 Scrobe
918 2334 1009 2401 laeta
1034 2340 1072 2402 et
1093 2352 1209 2403 cruore
1237 2336 1345 2403 effluso
1370 2338 1489 2402 umbra

186 2506 189 2512 .
281 2450 529 2540 ‘progenitoris
547 2456 680 2524 Orethei
701 2458 736 2524 in
762 2459 870 2526 hortis
891 2462 1049 2542 evocata,
1072 2465 1113 2526 ut
1134 2459 1249 2527 futura
1269 2465 1383 2541 canat,
1404 2460 1488 2528 Alci·
1596 2535 1597 2540 ,

309 2581 428 2649 medae
450 2585 488 2645 et
509 2581 636 2647 Aesoni
658 2583 864 2650 vaticinatur
885 2583 994 2649 filium
1016 2600 1132 2650 eorum
1144 2583 1299 2651 Iasonem
1310 2583 1489 2652 sulvumin

309 2709 455 2789 patriam
479 2706 666 2772 rediturum
700 2723 794 2789 esse,
828 2709 867 2771 at
901 2723 960 2774 eos
989 2707 1081 2788 ipsos
1103 2725 1184 2774 mox
1206 2726 1227 2774 a
1251 2725 1329 2791 rege
1350 2707 1488 2775 ultionis

308 2834 427 2917 cupido
468 2833 686 2901 interfectum
719 2832 769 2897 in‘.
804 2829 1022 2897 Famulorum
1054 2832 1179 2898 clamor
1212 2836 1328 2899 monet
1360 2833 1487 2898 instare

308 2960 455 3023 mortem
488 2958 609 3023 misero
640 2956 730 3036 seni,
753 2953 811 3035 qui
834 2971 930 3020 sacra
956 2954 1172 3038 praecipitat,
1194 2959 1236 3021 ut
1257 2956 1399 3023 solemni
1421 2958 1488 3038 ritu

309 3085 444 3164 peracto
472 3078 605 3147 Orethei
634 3080 754 3147 umbra
783 3078 826 3144 ad
848 3078 965 3145 Manes
987 3078 1094 3145 redire
1115 3079 1234 3161 possit.
1257 3077 1343 3160 Quid
1363 3078 1488 3147 faciat?

308 3202 557 3271 Dubitatauad
568 3207 713 3269 mortem
725 3219 832 3283 usque
843 3201 952 3283 patria
962 3202 1220 3292 vuinteeenon
1234 3201 1401 3271 defendat.
1413 3204 1488 3269 Par·
1595 3217 1596 3262 l

309 3346 393 3397 vum
405 3332 520 3394 autem
531 3326 638 3391 filium
648 3325 765 3392 volens
778 3342 939 3412 ,magnos
949 3324 1081 3392 animos
1092 3329 1128 3393 et
1135 3326 1236 3394 fortia
1243 3326 1370 3393 discere
1376 3323 1486 3393 faota''

310 3452 374 3519 sibi
396 3456 433 3520 et
450 3451 547 3517 uxori
564 3466 670 3530 aequo
681 3449 793 3515 animo
806 3452 950 3515 mortem
961 3448 1165 3516 consciscere
1176 3448 1336 3516 decernit.
1358 3451 1488 3517 Morum

309 3581 346 3644 et
373 3576 498 3643 aetatis
520 3574 659 3641 heroum
681 3573 846 3639 rationem
867 3572 1004 3639 habenti
1025 3572 1144 3639 afferre
1164 3576 1279 3656 potest
1299 3574 1488 3642 admiratio

309 3717 388 3767 nem
410 3717 527 3767 senem
548 3702 693 3765 mortem
715 3697 941 3764 voluntariam
964 3696 1486 3779 plurisquamdeiensionomsui

310 3824 467 3891 ultimam
499 3823 690 3888 aestimare.
736 3819 893 3887 Valerius
926 3822 1043 3886 autem
1076 3824 1157 3887 ante
1189 3822 1302 3889 oculos
1334 3823 1488 3905 exempla
1594 3803 1595 3822 ¹

311 3946 430 4013 habuit
450 3946 504 4011 sui
526 3946 700 4028 temporie,
730 3960 816 4025 quae
844 3944 916 4026 ipse
939 3944 1075 4011 laudare
1097 3944 1240 4012 videtur.
1263 3946 1371 4013 Multi
1384 3947 1485 4027 enim,

311 4071 370 4153 qui
403 4069 667 4151 aegreferentes
690 4067 737 4133 rei
760 4067 910 4150 publicae
932 4067 1093 4133 instituta
1115 4068 1318 4135 obsolevisse
1340 4072 1375 4135 et
1397 4070 1485 4136 cives

311 4196 482 4261 Romanos
503 4193 605 4259 unius
626 4192 765 4275 imperio
787 4191 958 4257 subiectos
979 4206 1073 4267 esse,
1091 4208 1154 4257 neo
1173 4193 1276 4260 verba
1289 4210 1352 4259 nec
1373 4195 1486 4261 vultus

311 4332 521 4401 compescere
543 4317 739 4397 potuerant,
758 4313 985 4380 coniuratione
995 4314 1164 4396 patefacta
1175 4318 1211 4381 et
1221 4332 1282 4398 spe
1291 4317 1486 4400 reipublicae
