3300 5067
657 528 699 592 15

82 723 262 790 Undarum
296 725 470 806 potentem
504 725 660 805 precatur
694 721 793 788 Iason
829 726 871 789 ut
904 722 967 788 sibi
989 721 1141 805 ignoscat
1163 724 1271 791 invito

84 848 159 913 vias
193 864 252 930 per
286 864 379 913 mare
414 846 561 913 inlicitas
594 846 735 926 petenti.
770 846 857 927 Tum
887 846 1028 916 flamma
1061 863 1105 911 ex
1134 845 1212 928 igne
1234 850 1270 913 et

83 970 271 1037 visceribus
307 972 426 1036 exorta
459 970 530 1035 dira
555 970 646 1036 canit
668 968 804 1051 Mopsus
827 972 865 1034 et
886 970 999 1036 verbis
1021 970 1191 1053 abruptis,
1211 971 1270 1037 sed

83 1093 363 1161 luculentissimis
409 1092 575 1159 nonnulla,
604 1092 646 1157 de
690 1092 814 1159 futuris
859 1094 1031 1175 praedicit.
1077 1095 1271 1161 Admodum
1324 1157 1328 1166 .

83 1217 290 1297 reprehendo
311 1216 400 1297 qnod
422 1215 477 1281 illo
499 1216 658 1283 vaticinio
681 1217 763 1283 nihil
786 1218 917 1284 obscuri
935 1218 989 1283 vel
1001 1218 1159 1301 ancipitis
1168 1220 1269 1287 inest.

129 1340 479 1409 Animadvertendum
502 1343 556 1407 est
578 1341 734 1423 Mopsum
750 1344 923 1423 postremo
934 1341 1122 1422 praedicere
1134 1343 1270 1410 caedem

83 1465 213 1533 Iasonis
235 1465 413 1533 liberorum
432 1482 454 1531 a
475 1463 593 1530 Medea
616 1464 742 1531 factam
764 1469 801 1531 et
818 1464 943 1531 alteros
965 1466 1271 1547 thalamosiugales

85 1587 295 1672 (2261011111
320 1604 468 1671 eaquae
492 1590 589 1655 vates
611 1588 645 1654 in
669 1588 796 1654 Valerii
820 1588 969 1654 carmine
996 1588 1082 1653 mira
1099 1589 1273 1671 ddigentia

85 1713 189 1780 nimis
225 1714 381 1779 accurate
422 1712 634 1794 praedicunt,
674 1727 806 1792 semper
842 1712 940 1794 plane
973 1712 1148 1789 eveniant,
1182 1714 1271 1780 haud

86 1837 226 1903 dubium
255 1836 338 1902 milri
374 1838 445 1917 est,
480 1836 561 1916 quin
596 1834 752 1902 Valerius
788 1852 923 1901 carmen
959 1852 1060 1901 suum
1093 1836 1271 1917 usquead

86 1960 222 2027 Medeae
246 1960 355 2025 scelus
377 1959 559 2041 fugamque
578 1962 614 2025 et
637 1960 679 2025 ad
702 1975 826 2025 navem
850 1959 884 2024 in
907 1959 1108 2025 flammifero
1130 1960 1272 2043 Olympo

87 2088 254 2150 sacratam
277 2083 326 2167 (cf
346 2080 435 2168 1:4)
455 2084 652 2150 continuare
676 2084 739 2149 sibi
759 2081 968 2165 proposuerit
991 2080 1208 2166 (205—226).

131 2206 305 2274 Contraria
323 2207 382 2273 sed
400 2224 489 2273 vana
509 2211 544 2273 et
563 2206 676 2273 inania
688 2206 873 2272 Phoebeius
884 2205 1001 2272 Idmon
1017 2205 1048 2289 l)
1066 2207 1272 2288 Argonautis

88 2330 234 2397 divinat:
266 2348 343 2396 cum
374 2330 512 2413 Mopsus
535 2334 587 2397 tor
609 2331 681 2397 dira
704 2330 866 2397 vaticinia
888 2331 1166 2414 accumulaverit,
1189 2332 1273 2398 nihil

87 2454 169 2520 dicit·
200 2452 317 2520 Idmon
351 2454 418 2523 nisi
448 2458 588 2535 nautas,
621 2452 801 2521 dummodo
817 2486 819 2491 ·
834 2453 957 2519 laboris
991 2455 1161 2536 patientes
1183 2455 1273 2538 sint,

91 2578 204 2644 omnia
225 2578 372 2661 pericula
395 2580 528 2645 vincere
545 2595 654 2662 posse.
677 2577 884 2644 'l'acetenim
894 2583 1070 2645 aeternam
1081 2578 1275 2659 gloriamob

87 2703 235 2783 primum
257 2702 470 2770 maritimum
492 2703 558 2769 iter
577 2703 723 2778 factum,
740 2702 880 2769 dearum
899 2705 935 2768 et
953 2706 1006 2769 tot
1016 2703 1164 2769 virorum
1175 2718 1276 2784 opem

87 2831 126 2893 et
147 2826 293 2892 validam
315 2844 337 2892 a
357 2827 509 2893 Minerva
530 2831 759 2895 constructam
781 2842 904 2891 navem
927 2823 1142 2910 (utu-239).

133 2950 294 3017 Lacrimis
316 2952 442 3017 obortis
463 2950 564 3019 flebili
586 2968 667 3018 1000
691 2951 809 3037 (0111111
832 2951 862 3016 si
880 2950 956 3032 quis
971 2950 1150 3017 lacrimans
1161 2952 1274 3017 omniu

86 3078 175 3141 bona
193 3076 289 3142 nobis
311 3075 498 3158 ominetur,
510 3093 594 3142 num
605 3072 982 3159 eifidemhabeamus‘l)
999 3074 1285 3141 faustaiuavatt

86 3198 177 3265 oinia
195 3200 287 3265 canit
305 3197 451 3281 Mopsus.
477 3199 564 3265 Nam
577 3202 722 3266 mortem
734 3216 833 3266 suam
845 3199 1013 3282 providet,
1031 3215 1131 3280 quam
1143 3200 1274 3265 calami·

86 3326 199 3389 tatem
218 3323 374 3406 sibiipsi,
392 3340 458 3389 non
471 3323 678 3405 Argonautis
688 3324 925 3389 imminentem
935 3326 1037 3388 tacet
1055 3322 1103 3388 lla
1114 3324 1286 3390 vaticinia·

87 3445 271 3513 admodum
290 3446 443 3511 Romana
461 3446 596 3527 quidem
608 3448 700 3512 sunt.
718 3448 887 3514 Attamen
898 3447 1037 3529 auguria
1048 3447 1186 3513 ridicula
1197 3464 1276 3513 esse

88 3571 256 3639 Ciceronis
285 3571 354 3637 iam
388 3571 560 3638 sententia
582 3576 673 3655 erat,
698 3574 756 3653 qui
778 3574 895 3637 narrat
916 3570 1001 3638 duos
1023 3571 1217 3651 haruspices
1237 3572 1273 3637 111

88 3696 160 3762 foro
178 3695 242 3762 sibi
260 3697 473 3761 occurrentes
491 3697 599 3763 risum
619 3700 734 3763 tenere
755 3712 821 3762 non
843 3712 953 3778 posse.
977 3695 1050 3762 Hoc
1068 3697 1185 3760 autem
1203 3695 1278 3760 loeo

87 3819 229 3885 flentem
258 3823 375 3886 vatem
398 3836 557 3900 prospera
579 3836 712 3900 canere,
736 3819 879 3886 inauditi
903 3824 940 3886 et
961 3820 1040 3885 novi
1062 3818 1185 3899 aliquid
1208 3822 1271 3884 est

132 3940 328 4021 Antequam
362 3942 531 4023 Apollonii
558 3960 691 4009 carmen
726 3942 912 4022 conferam,
942 3958 1009 4008 non
1032 3957 1171 4024 possum
1193 3942 1272 4022 quin

88 4064 241 4133 hocloco
262 4067 393 4145 partem
416 4065 638 4133 Alexandrini
661 4067 769 4150 operis
787 4082 972 4146 exponam,
993 4080 1059 4145 quo
1070 4062 1281 4145 intelligatur

130 4258 160 4329 1)
181 4258 267 4317 Recte
287 4258 373 4331 igitur
394 4258 476 4316 Iason
496 4259 516 4316 4
538 4279 544 4317 :
566 4258 641 4318 546:

339 4354 390 4395 neo
409 4341 486 4395 vates
506 4341 550 4396 sat
570 4337 624 4396 iam
646 4339 715 4397 mihi
735 4339 849 4413 Mopsus
868 4340 896 4396 et
916 4336 1023 4398 Idmon.
