3300 5067
826 457 890 526 102

267 655 303 723 ia
321 654 429 722 altera
447 655 593 723 editione
611 655 720 739 multo
738 660 816 740 post
834 654 959 738 publici
975 655 1059 722 iuris
1074 653 1216 722 iacteea
1227 653 1458 722 commutarit

268 781 330 848 aut
346 779 505 846 uounrdla
522 778 579 846 illa
598 778 818 846 Callimachea
827 783 1068 862 argumentum
1079 778 1211 861 egregie
1222 779 1265 846 ab
1275 777 1457 860 Apollonio

268 903 455 968 tractatum
474 920 540 988 non
550 908 730 972 auxerunt
747 903 925 970 Praeterea
936 903 1024 985 quod
1036 906 1199 986 tempore,
1209 920 1276 984 quo
1286 902 1456 972 1001101100

268 1028 444 1108 poetarum
463 1027 613 1094 maxime
630 1027 816 1094 acerbitate
837 1028 1013 1094 certabant
1022 1029 1059 1094 01
1069 1027 1159 1094 inter
1171 1044 1208 1094 se
1219 1027 1456 1096 obtrectabant

266 1145 388 1234 (Oouat
409 1149 485 1232 491,
509 1149 600 1236 492),
622 1149 846 1219 Callimachus
867 1156 904 1218 et
927 1151 1027 1218 multi
1048 1152 1122 1219 eius
1141 1153 1326 1218 sectatores
1349 1148 1457 1232 Apol·

268 1271 355 1343 lonio
387 1271 608 1341 infensissimi
640 1273 740 1356 nihil,
774 1274 863 1356 quod
884 1275 928 1342 ab
949 1274 1014 1342 alio
1044 1278 1223 1362 mutuatus
1245 1275 1308 1349 sit,
1332 1273 1455 1342 afferre

268 1398 451 1480 potuerunt
483 1396 549 1464 nisi
582 1398 761 1465 materiem
792 1398 944 1481 docum,
978 1397 1067 1480 quod
1095 1413 1155 1480 per
1188 1413 1226 1464 se
1255 1397 1456 1480 intelligitur

267 1537 377 1604 neque
410 1521 495 1589 vitio
526 1523 558 1588 ei
589 1522 679 1588 verti
700 1522 829 1604 potuit,
857 1526 894 1590 et
915 1538 1036 1590 versus
1058 1519 1252 1590 Callimachi
1274 1520 1454 1588 nonnullos

265 1644 513 1712 dubitationem
534 1646 716 1723 habentes,
737 1645 925 1714 luculenter
946 1647 1087 1728 apparet
1104 1645 1319 1728 Apollonium
1337 1645 1454 1725 ipsum

266 1772 440 1836 auctorem
457 1769 563 1838 fuisse
575 1770 727 1837 omnium
737 1785 869 1853 rerum,
888 1770 1009 1852 quibus
1020 1785 1155 1836 carmen
1167 1766 1311 1834 excellit
1324 1765 1455 1836 Deinde

267 1893 405 1964 adbene
416 1894 672 1977 intelligendum
683 1894 805 1961 librum
815 1893 974 1970 tertium,
993 1909 1095 1976 quem
1107 1891 1296 1960 Homericis
1306 1895 1342 1958 et
1353 1892 1455 1957 novis

266 2017 369 2083 rebus
397 2017 577 2100 permixtis
602 2036 666 2086 sua
686 2017 889 2086 auctoritate
911 2015 1051 2100 perfecit
1072 2014 1287 2098 Apollonius,
1311 2016 1455 2082 monebo

267 2141 381 2208 aetate
402 2142 631 2210 Alexandrina
654 2143 806 2210 omnium
829 2157 967 2224 poeseos
987 2156 1150 2223 generum
1167 2139 1335 2207 fusionem
1350 2139 1455 2206 exsti-

268 2262 363 2349 tisse,
370 2267 835 2350 cumeotemporepropriam
847 2269 1005 2332 naturam
1015 2263 1454 2331 amisissentillaetomnes

268 2393 387 2471 poetae
405 2390 528 2477 eruditi
545 2395 582 2458 et
599 2390 688 2458 docti
705 2405 880 2458 summum
898 2390 1057 2456 honorem
1073 2389 1235 2470 putarent
1252 2403 1329 2454 esse
1340 2387 1454 2454 omnia

266 2513 403 2582 diversa
424 2487 546 2597 genera
568 2514 687 2582 eadem
709 2514 915 2581 dexteritate
937 2515 1085 2580 tractare
1108 2511 1149 2596 1).
1168 2512 1329 2595 Hymnus
1350 2512 1453 2578 hexe-

268 2639 389 2706 metris
407 2641 613 2723 compositus
633 2639 775 2722 lyricum
792 2637 952 2721 spiritum
971 2636 1097 2719 spirare
1116 2637 1240 2719 coepit,
1262 2634 1368 2716 elegia
1379 2633 1454 2700 fieri

198 2829 204 2842 ,
267 2761 363 2844 epica
393 2765 430 2828 et
458 2763 700 2847 mythologice,
732 2765 851 2844 satyra
879 2759 1088 2828 hexametris
1118 2759 1288 2842 componi,
1318 2758 1452 2842 epicum

266 2901 405 2952 carmen
428 2887 636 2956 simillimum
659 2902 735 2952 esse
757 2884 948 2968 tragoediae
971 2883 1017 2968 2).
1040 2883 1111 2966 Quo
1133 2884 1262 2951 factum
1283 2887 1338 2950 est
1357 2885 1396 2950 ut
1416 2884 1451 2950 in

268 3009 332 3073 hac
354 3008 558 3090 digressione
579 3010 653 3077 libri
676 3009 768 3077 tertii
790 3009 884 3092 epica
905 3007 1104 3074 intermixta
1127 3007 1197 3075 sint
1219 3009 1256 3074 et
1275 3006 1452 3084 nonnulla,

266 3147 356 3213 quae
389 3134 578 3216 tragoediae
612 3134 742 3218 proprie
775 3136 874 3199 sunt:
918 3129 1044 3198 mentis
1077 3131 1234 3197 turbatae
1268 3135 1304 3196 01
1338 3145 1451 3196 amore

268 3255 426 3321 incensae
448 3255 626 3339 descriptio
648 3261 685 3322 et
706 3254 858 3337 colloquii
881 3255 977 3323 ratio.

313 3377 385 3444 Iam
416 3379 531 3474 monui
560 3383 764 3462 quantopere
795 3378 911 3447 Phrixi
939 3379 1084 3448 filiorum
1119 3381 1155 3448 et
1177 3380 1452 3462 Argonautarum

267 3502 305 3568 in
337 3503 447 3569 insula
479 3502 599 3569 Aretia
632 3519 813 3570 concursus
847 3503 883 3568 et
911 3497 1103 3584 argumenti
1135 3503 1356 3586 perpetuitati
1388 3501 1453 3586 ipsi

144 3686 146 3689 .
268 3625 377 3708 prosit
399 3623 495 3711 (liber
517 3626 608 3692 enim
631 3625 798 3692 secundus
819 3641 859 3691 00
881 3625 1006 3692 maiore
1028 3625 1232 3694 auctoritate
1254 3624 1321 3710 est)
1342 3629 1379 3692 et
1397 3625 1452 3692 de-

270 3749 457 3815 monstravi
479 3749 595 3815 foedus
617 3749 724 3815 abiis
745 3749 868 3816 initum
892 3764 1030 3814 ceusam
1052 3764 1128 3814 esse
1151 3765 1211 3814 cur
1229 3747 1449 3831 hospitiiiure

267 3871 453 3939 obstrictus
475 3873 601 3940 Aeetes
624 3873 774 3955 hospites
797 3889 863 3939 non
887 3872 1007 3940 statim
1030 3871 1243 3939 interfecerit.

308 4054 339 4127 1)
370 4056 412 4116 cf.
442 4058 528 4117 Oouat
557 4057 629 4117 106:
659 4056 756 4118 c'elait
776 4058 805 4118 10
824 4058 900 4120 rraie
919 4059 1005 4133 gloire
1026 4056 1093 4117 d’un
1114 4058 1193 4133 poete
1212 4057 1383 4118 Alexandria
1402 4075 1457 4134 quo

266 4152 405 4228 d’oesayer
422 4157 486 4214 tous
506 4155 547 4214 les
566 4171 665 4237 gemes
684 4159 713 4216 ot
732 4156 766 4216 do
784 4155 889 4216 rtussir
908 4155 977 4215 dans
996 4158 1068 4215 tous

309 4253 341 4325 2)
362 4251 403 4312 Of.
424 4252 545 4340 hahaliy
564 4251 640 4331 226,
659 4253 727 4325 227,
750 4253 825 4324 252,
844 4251 914 4338 253.
