3300 5067
859 492 879 558 2

274 702 348 752 rem
366 702 465 752 suam
482 686 597 767 egerit.
621 685 687 752 Sed
697 690 881 769 antequam
891 686 1041 752 carmina
1050 687 1125 771 ipsa
1135 686 1229 769 epica
1239 687 1462 771 pertractem,

276 813 317 879 de
336 812 447 879 tabida
464 810 693 893 Argonautica
708 810 868 877 nonnulla
887 810 1037 876 breviter
1051 811 1087 875 in
1098 809 1297 877 memoriam
1307 826 1464 877 revocare

276 954 343 1003 non
366 936 485 1001 inutile
509 951 593 1017 opus
615 950 690 999 esse
712 950 796 1001 reor.

321 1061 518 1144 Apollonius
543 1060 692 1125 Rhodius
714 1064 750 1126 et
772 1059 928 1126 Valerius
949 1058 1105 1141 Flaccus
1129 1060 1186 1139 qui
1209 1074 1289 1124 eum
1308 1058 1464 1126 imitatus

277 1193 350 1272 est,
380 1187 527 1253 fabulam
559 1187 600 1252 de
629 1187 905 1269 Argonautarum
935 1186 1057 1252 itinere
1086 1189 1228 1267 uterque
1257 1186 1350 1265 epico
1371 1200 1464 1251 more

278 1312 438 1378 narravit.
461 1311 697 1395 Temporibus
722 1328 807 1393 quae
830 1313 981 1378 aetatem
999 1311 1195 1377 historicam
1214 1310 1463 1392 praecedebant

278 1434 394 1501 Graeci
424 1436 562 1502 fuerunt
581 1434 639 1516 qui
658 1436 773 1517 poesin
793 1436 1026 1518 apicemque
1045 1436 1154 1516 prima
1171 1435 1225 1500 usi
1248 1436 1347 1515 sunt,
1371 1433 1463 1498 brevi

277 1564 350 1627 tam
383 1560 572 1642 elegantem
607 1561 642 1625 et
676 1558 861 1641 perfectam
891 1558 1108 1624 reddiderunt
1139 1563 1181 1625 ut
1202 1558 1375 1638 omnibus,
1405 1556 1462 1637 qui

277 1688 395 1766 postea
425 1683 601 1764 vixerunt,
633 1682 761 1749 illustre
790 1687 1027 1748 ornamentum
1048 1682 1239 1749 litterarum
1261 1681 1464 1748 Graecarum

277 1811 313 1873 et
343 1806 538 1890 exemplum
568 1806 759 1873 imitatione
781 1805 932 1887 diligenti
954 1807 1151 1888 perdignum
1174 1806 1359 1871 exstiterit.
1382 1804 1460 1872 Vox

279 1934 396 1997 autem
415 1929 584 2013 popularis
607 1946 750 2011 magnus
773 1932 809 1994 et
832 1929 1031 2011 praecipuus
1053 1930 1129 1995 fons
1151 1935 1222 2001 est,
1241 1928 1331 1994 unde
1353 1928 1464 2010 poesis

279 2056 373 2137 epica
394 2054 576 2120 haurienda
598 2059 672 2135 est3
702 2057 780 2136 post
801 2053 932 2119 labores
954 2058 991 2119 et
1012 2054 1136 2137 proelia
1159 2053 1281 2119 fidibus
1303 2054 1339 2117 et
1361 2056 1463 2119 cantu

280 2180 423 2262 gaudere
441 2180 530 2245 inter
551 2178 666 2260 epulas
685 2178 790 2255 soliti,
807 2176 976 2244 illustrare
988 2178 1335 2260 coeperunthomines
1346 2176 1462 2244 etlau·

279 2304 376 2370 dibus
397 2303 562 2370 celebrare
585 2303 697 2368 omnic
714 2303 836 2383 quibus
854 2302 962 2368 animi
969 2305 1046 2369 tum
1056 2302 1179 2368 imbuti
1195 2305 1310 2383 erant,
1322 2302 1462 2383 proelia,

278 2427 390 2509 ludos,
421 2443 553 2493 amores
582 2429 646 2493 etc
670 2426 813 2492 Factum
832 2426 964 2507 aliquod
984 2425 1199 2492 memorabile
1221 2442 1327 2508 saepe
1348 2425 1459 2491 effecit

280 2555 320 2617 ut
339 2551 371 2616 ei
386 2550 624 2632 adiungeretur
640 2550 726 2616 ratio
737 2549 892 2624 vivendi,
908 2564 1019 2615 mores
1030 2549 1158 2631 populi,
1172 2548 1302 2631 studia,
1314 2566 1462 2627 amores,

279 2677 357 2743 irae.
393 2676 477 2757 Quid
500 2675 625 2741 mirum
648 2673 806 2739 mulieres
829 2676 866 2738 et
888 2673 979 2739 viros
1001 2674 1147 2739 summis
1168 2672 1353 2739 virtutibus
1374 2687 1464 2754 prae

281 2800 387 2882 ditos,
408 2816 493 2881 quae
512 2799 569 2866 illo
587 2803 739 2880 tempore
757 2797 985 2863 remotissimo
1004 2797 1039 2862 in
1056 2797 1179 2863 honore
1191 2798 1305 2877 erant,
1325 2797 1465 2863 heroum

281 2926 318 2989 et
335 2923 548 2989 heminarum
566 2923 636 2988 loco
656 2922 788 2987 habitos
806 2937 882 2987 esse
901 2925 938 2987 ot
957 2922 1075 3003 dignos
1094 2922 1311 2988 existimatos
1330 2939 1465 2988 summa

282 3045 497 3113 veneratione
520 3049 556 3111 et
577 3046 715 3128 pietate.
732 3046 810 3111 Ilias
820 3049 936 3111 autem
949 3047 984 3110 et
995 3044 1145 3127 Odyssea
1157 3048 1239 3111 sunt
1249 3046 1465 3113 celeberrima

281 3170 430 3237 carmina
460 3170 495 3235 in
525 3172 649 3251 quibus
679 3170 810 3253 omnia,
846 3187 931 3251 quae
953 3169 1156 3258 Graecorum
1179 3187 1266 3236 nono
1288 3175 1324 3236 et
1346 3175 1465 3238 octavo

282 3294 414 3361 saeculo
444 3295 635 3361 viventium
665 3294 797 3377 propria
818 3298 934 3370 erant,
956 3294 1222 3362 luculentissime
1246 3312 1406 3379 expressa
1428 3300 1465 3361 et

283 3420 408 3486 tradita
426 3422 518 3484 sunt.
541 3418 639 3484 Dolor
656 3417 812 3492 Achillis,
833 3421 911 3500 post
928 3417 1060 3483 Troiam
1078 3423 1213 3501 captam
1224 3437 1348 3501 magna
1359 3421 1466 3485 maria

282 3558 421 3608 emensa
437 3546 474 3609 et
492 3558 621 3608 errores
637 3540 813 3624 victorum,
834 3541 953 3607 deinde
972 3543 1087 3609 civiles
1093 3545 1362 3626 perturbationes
1373 3549 1465 3611 ante·

283 3682 386 3747 quam
417 3666 514 3733 sedes
536 3666 664 3748 patrias
686 3670 722 3732 et
744 3666 958 3732 matrimonia
981 3684 1043 3732 sua
1065 3670 1325 3749 occupaverant,
1349 3667 1465 3735 funda-

284 3790 401 3855 menta
431 3794 530 3855 erant
560 3790 695 3871 grandis
725 3793 760 3855 et
784 3790 888 3872 ampli
913 3792 1040 3873 operis,
1063 3809 1128 3872 quo
1150 3792 1296 3858 indolem
1319 3792 1467 3858 Graecae

285 3913 396 3995 gentis
408 3916 443 3979 et
454 3912 649 3995 religionem
661 3915 797 3996 penitus
808 3915 996 3997 perspicere
1007 3932 1198 3997 possumus,
1212 3916 1259 3982 Eo
1269 3919 1421 3999 tempore
1431 3914 1464 4001 1)

324 4123 352 4194 1)
373 4124 418 4182 W.
438 4124 471 4184 Ε.
494 4125 641 4185 Gladstono
660 4126 690 4183 in
709 4126 881 4185 Landmarks
900 4127 931 4184 of
947 4126 1077 4185 Homeric
1097 4126 1183 4200 Study
1203 4126 1327 4185 insanias
1347 4143 1412 4185 suas
1433 4127 1466 4187 de

282 4204 436 4263 Homericis
456 4205 623 4263 carminibus
643 4222 727 4279 parvo
747 4206 840 4266 libello
870 4207 1027 4281 complexus
1054 4209 1087 4264 ut
1106 4206 1278 4265 iuventutem
1295 4223 1469 4280 corrumpere

282 4284 369 4359 possit
379 4284 458 4343 salsis
468 4287 496 4343 at
506 4284 651 4343 imbecillis
662 4286 819 4358 sententiis,
831 4286 995 4345 contrariam
1006 4286 1161 4360 opinionem
1172 4287 1275 4360 profert
1286 4286 1305 4345 5
1316 4289 1389 4361 (cap.
1398 4285 1465 4365 VI).
