3300 5067
847 504 892 571 to

279 702 387 769 imber
421 704 457 769 et
491 705 680 785 tempestas
714 704 810 785 grato
838 702 902 767 suh
923 702 1022 767 anho
1044 699 1264 767 Troianorum
1286 698 1407 765 durem
1426 701 1467 763 et

279 825 443 893 Didonem
476 826 627 908 reginam
659 842 773 893 amore
806 824 993 907 coniungit,
1024 824 1074 891 sic
1105 822 1190 889 dura
1221 824 1348 906 hiem,
1374 824 1465 887 nutu

279 949 370 1016 Iovis
392 952 429 1015 et
450 950 588 1017 Iunonis
609 954 739 1034 coorta,
763 950 860 1017 cuius
877 948 978 1015 viset
990 948 1143 1030 gravitas
1153 950 1359 1028 exaggerata
1369 950 1462 1025 suut,

279 1071 434 1138 Iasonem
456 1076 493 1139 et
516 1074 623 1140 socios
645 1072 771 1139 Lemno
793 1073 829 1139 in
850 1070 962 1138 insula
979 1071 1281 1139 manereetamori
1291 1069 1463 1151 indulgere

280 1194 386 1278 cogit,
409 1195 513 1261 donec
535 1196 733 1279 Tirynthius
754 1196 854 1263 heros
875 1194 1041 1263 residibus
1062 1194 1253 1277 persuadet,
1276 1197 1316 1259 ut
1337 1194 1463 1260 animis

279 1319 424 1386 firmatis
453 1320 572 1403 ingens
604 1322 729 1387 iterent
762 1334 897 1401 aequor.
931 1318 1040 1385 Simul
1069 1335 1109 1383 ac
1131 1321 1321 1401 tempestas
1343 1329 1464 1384 serena

279 1443 418 1526 arridet,
441 1444 586 1511 Hercule
606 1449 743 1511 auctore
765 1442 1006 1526 profectionem
1028 1442 1139 1523 parari
1160 1441 1264 1507 iussit
1281 1441 1361 1507 dux.
1374 1440 1463 1507 Vere

279 1566 388 1633 Iasoni
419 1568 600 1649 exprobrat
628 1566 816 1649 Hypsipyle
847 1582 927 1633 eum
949 1568 1015 1633 iter
1044 1562 1228 1633 accelerare
1249 1581 1354 1646 seque
1376 1566 1463 1631 hanc

279 1708 409 1757 morem
442 1690 531 1757 coelo
563 1693 700 1759 tantum
734 1694 770 1757 et
802 1707 941 1757 cursum
963 1691 1189 1757 retinentibus
1210 1690 1311 1756 undis
1332 1690 1459 1755 dehere.

278 1816 445 1880 Attamen
478 1813 510 1878 ei
543 1812 630 1880 douo
660 1813 872 1897 chlamydem
901 1814 962 1881 dat
995 1830 1058 1881 acu
1092 1816 1220 1897 pictam
1250 1818 1461 1881 stornatum

280 1938 383 2003 variis
404 1937 529 2019 figuris,
554 1938 742 2003 332-427.

324 2060 389 2127 Sed
415 2060 591 2127 videamus
621 2078 687 2142 quo
708 2062 806 2128 modo
828 2062 1024 2145 Apollonius
1048 2062 1198 2129 Rhodius
1220 2066 1401 2128 nautarum
1422 2061 1456 2127 in

278 2184 389 2251 insula
410 2200 539 2250 moram
560 2184 709 2251 finxerit.
732 2184 824 2252 More
846 2186 939 2267 epico
960 2186 1071 2268 pergit
1088 2186 1459 2252 narmreemulleribus

278 2324 383 2373 unam
405 2308 547 2374 missam
568 2324 644 2373 esse
667 2324 753 2389 quae
775 2310 992 2390 Argonautas
1010 2310 1168 2376 certiores
1190 2309 1317 2377 laceret
1337 2309 1460 2392 Hypsi·

278 2431 378 2514 pyleu
408 2430 556 2513 reginam
590 2433 625 2497 in
659 2433 778 2499 urbem
813 2448 871 2498 eos
890 2433 1047 2499 invitare.
1068 2432 1196 2499 Statim
1219 2434 1459 2500 intellexerunt

278 2571 397 2622 omnes
407 2555 619 2639 Hypsipylen
631 2556 756 2623 mortui
768 2556 930 2623 Thoantis
940 2556 1075 2623 unicam
1085 2557 1190 2624 fllium
1202 2558 1234 2624 ei
1243 2557 1456 2624 successisse.

278 2682 328 2747 At
360 2680 457 2747 lason
488 2680 569 2746 deae
602 2680 772 2747 Minervae
806 2681 949 2763 donum,
983 2681 1115 2747 laenam
1137 2699 1339 2765 purpuream
1359 2684 1461 2749 fibula

278 2807 463 2883 subnectit,
479 2806 574 2872 vario
596 2822 678 2872 acus
700 2822 799 2888 opere
821 2810 976 2872 ornatam
1003 2807 1117 2888 „cuius
1135 2806 1279 2873 diversis
1300 2805 1460 2891 picturis”

279 2930 389 2995 ornati
411 2931 608 2998 vestimenti
625 2931 882 3013 descriptionem
898 2929 1030 2996 variam
1049 2933 1191 2997 conatus
1201 2930 1356 2997 Valerius
1366 2930 1461 3013 Hyp

279 3052 405 3135 sipyles
423 3053 548 3121 donum
571 3072 634 3121 acu
651 3055 782 3137 pictum
798 3055 899 3120 finxit
910 3053 985 3120 Val.
1000 3055 1020 3118 2
1033 3076 1042 3116 ε
1055 3054 1241 3120 410-418.
1265 3054 1461 3137 splendenti

278 3176 396 3243 stellae
425 3177 561 3255 dmum,
592 3196 694 3260 quam
724 3194 826 3261 super
855 3179 936 3244 urbe
947 3194 1084 3244 corusco
1106 3179 1234 3259 fulgore
1256 3178 1462 3245 emicantem

277 3300 398 3367 videns
427 3302 538 3384 puella
565 3304 712 3370 laetatur
739 3309 776 3369 et
797 3302 966 3369 desiderat
987 3318 1151 3384 sponsum
1172 3304 1286 3386 procul
1309 3303 1462 3386 epatris

277 3425 458 3493 bellantem
477 3421 556 3511 (Ap.
576 3425 833 3510 hill—781),
852 3426 922 3492 dux
941 3425 1073 3492 alaetis
1084 3431 1121 3493 et
1131 3429 1333 3494 mirantibus
1343 3426 1463 3510 puellis

278 3549 426 3631 stipatus
455 3550 528 3633 ipse
554 3550 658 3617 oculis
679 3550 714 3615 in
737 3552 865 3616 terram
887 3549 1027 3627 defixis,
1049 3551 1167 3617 urbem
1189 3551 1307 3617 intrat.
1337 3550 1463 3633 Hypsi·

277 3674 354 3757 pyle
387 3690 491 3756 genes
524 3673 697 3740 rubefacta
730 3673 766 3739 in
799 3672 891 3754 regie
924 3673 1023 3739 domo
1044 3690 1123 3739 enm
1145 3674 1326 3755 alloquitur
1348 3673 1463 3739 celans

276 3798 431 3882 caedem,
454 3816 539 3880 qnae
561 3797 743 3865 commisse
764 3801 840 3863 erat
862 3796 898 3863 in
919 3798 1028 3863 viros:
1052 3797 1120 3863 noli
1141 3798 1264 3880 veron,
1285 3798 1350 3879 ait,
1369 3798 1463 3863 intra

277 3921 410 3987 moenie
439 3922 579 3989 morari:
604 3938 722 3988 omnes
745 3922 836 3987 enirn
860 3922 955 3987 virile
978 3938 1077 3987 secus
1101 3922 1229 3987 exclusi
1251 3923 1350 4003 sunt,
1372 3920 1462 4002 quod

277 4044 438 4111 uxoribus
457 4048 493 4110 et
504 4044 616 4111 liberis
627 4045 782 4127 genuinis
792 4044 997 4127 contemptis
1007 4046 1256 4111 concubuerunt
1266 4043 1464 4110 muheribus

277 4167 438 4250 captivis,
470 4169 685 4250 spuriamque
715 4169 844 4250 prolem
866 4186 911 4235 ex
933 4169 976 4234 iis
994 4173 1144 4234 creatam
1166 4171 1303 4235 tantum
1324 4185 1464 4235 curave·

277 4286 375 4358 runt:
398 4307 460 4374 ego
481 4291 584 4373 igitur
605 4293 666 4359 tibi
687 4291 795 4374 patris
816 4307 959 4373 reguum
974 4290 1141 4357 traditura
1159 4308 1255 4358 sum:
1275 4291 1462 4358 haecenim
