3300 5067
164 1384 322 1475 Apollonii
346 1384 457 1459 iitodll
479 1385 719 1475 arpomuticon
741 1386 973 1461 1:559-900
996 1390 1030 1461 el
1051 1387 1168 1462 veluit
1193 1388 1303 1463 fisco

589 1511 682 1584 liter
704 1510 883 1585 Secundus.

187 1707 227 1773 ln
237 1708 319 1775 satis
331 1712 447 1776 autem
458 1709 693 1777 eratlasonem
703 1712 769 1778 iter
780 1728 918 1796 pergere
930 1713 1059 1780 debere.
1068 1711 1199 1779 Versus
1209 1715 1327 1780 autem

141 1833 310 1899 socundus
331 1832 403 1901 libr.
427 1832 459 1900 11
484 1851 617 1917 „neque
639 1836 731 1901 enim
752 1837 881 1918 patrios
903 1852 1100 1919 cognoscere
1123 1852 1222 1903 casus
1243 1836 1327 1902 Iuno

142 1956 226 2023 sinit
234 1956 255 1983 ’'
277 1959 446 2039 poeticum
468 1958 605 2039 quidem
628 1960 728 2026 sonat
749 1959 807 2026 sed
830 1961 966 2027 omnino
984 1961 1069 2027 bono
1091 1978 1195 2028 sensu
1215 1961 1327 2026 vacat.

141 2081 255 2148 Homo
288 2082 379 2147 enim
413 2098 480 2149 non
503 2086 576 2149 tam
598 2083 768 2149 abiectum
790 2100 899 2165 neque
922 2088 996 2151 tam
1018 2084 1085 2151 vile
1107 2088 1162 2152 est
1184 2087 1224 2150 ut
1244 2082 1328 2149 nihil

143 2205 209 2271 nisi
230 2206 497 2273 instrumentum
516 2206 563 2273 sit
574 2206 707 2273 divinae
720 2207 905 2275 voluntatis
916 2208 1133 2290 nequeadiis
1144 2207 1328 2291 dependet,

143 2329 224 2411 quid
257 2329 371 2397 videre
401 2334 438 2397 et
462 2329 576 2397 audire
607 2331 638 2398 ei
661 2330 769 2398 liceat.
792 2331 949 2400 Iasonem
972 2348 1034 2415 ope
1055 2331 1194 2399 Iunonis
1217 2330 1328 2397 medio

143 2455 179 2519 in
202 2455 288 2520 mari
309 2457 490 2534 parentum
514 2458 660 2522 mortem
672 2473 739 2521 non
749 2454 1130 2538 cognovisse,Valerius
1141 2458 1257 2520 narrat
1268 2446 1336 2519 sed'

144 2582 286 2646 naturae
315 2578 407 2660 leges
435 2578 523 2644 fixae
545 2581 581 2645 et
604 2577 834 2647 immutabiles
856 2580 946 2647 solae
967 2578 1225 2662 impediverunt,
1249 2592 1337 2685 quov

145 2702 259 2768 minus
281 2701 380 2769 Iason
403 2702 609 2771 calamitatis
631 2706 751 2771 certior
773 2705 884 2771 factus
908 2706 972 2772 sit:
994 2704 1132 2771 Iunonis
1151 2720 1231 2769 cura
1246 2701 1329 2768 nihil

144 2825 187 2891 ad
219 2843 292 2893 rem
325 2830 488 2909 pertinuit
521 2833 558 2895 et
590 2829 676 2896 salsa
704 2829 796 2897 fictio
822 2834 890 2897 est.
919 2829 1026 2896 Multa
1060 2829 1210 2896 doctrina
1243 2843 1329 2892 usus

143 2949 299 3016 Valerius
318 2956 452 3019 montes
470 2955 507 3018 et
525 2954 643 3032 urbes,
663 2970 748 3034 quas
762 2955 988 3035 praetervecti
1000 2958 1082 3021 sunt
1092 2954 1328 3034 Argonautae,

145 3074 231 3139 satis
260 3074 402 3142 iucunde
432 3075 610 3160 descripsit
640 3078 697 3143 sod
730 3078 853 3145 laisum
875 3081 1115 3159 argumentum
1137 3075 1178 3142 de
1200 3075 1330 3158 primae

145 3198 244 3263 navis
267 3198 458 3265 maritimae
480 3199 602 3267 itinere
631 3200 804 3267 Valerium
825 3199 960 3268 induxit
977 3204 1019 3266 ut
1036 3203 1179 3267 terrores
1200 3200 1329 3281 primae

146 3322 256 3387 noctis
278 3339 379 3402 quam
401 3324 437 3390 in
455 3323 541 3389 mari
559 3325 784 3408 transegerint
804 3325 1094 3407 nautae,pulchra
1104 3340 1185 3389 sane
1198 3337 1330 3402 compa·

146 3446 276 3511 ratione
300 3447 432 3512 43-46
455 3447 640 3515 instructos
662 3452 808 3516 caneret.
829 3448 969 3531 Typhon
988 3452 1106 3515 autem
1129 3445 1236 3512 socios
1258 3460 1331 3509 con·

146 3568 287 3635 firmans
320 3570 561 3638 astronomiam
591 3570 833 3638 alienissimam
857 3572 899 3637 ab
921 3570 1091 3653 imperitia
1113 3584 1246 3650 eorum,
1271 3566 1330 3648 qui
1469 3595 1473 3605 ·

146 3692 254 3773 prima
276 3708 364 3758 nave
387 3694 477 3760 vecti
500 3697 600 3770 sunt,
624 3694 752 3776 profert
773 3690 924 3780 (1-71).

192 3816 231 3883 In
252 3817 335 3883 libro
356 3816 464 3905 primo
486 3816 641 3884 Valerius
663 3818 803 3884 Flaccus
825 3818 1012 3884 maximam
1024 3832 1160 3899 operam
1173 3815 1330 3895 deditus

146 3940 249 4005 nimis
287 3940 414 4007 imitari
444 3939 616 4007 videretur
649 3941 886 4025 Apollonium,
926 3927 1082 4022 idemque
1112 3940 1148 4005 in
1183 3938 1331 4005 secundo

143 4062 235 4142 libro,
258 4064 315 4129 ubi
337 4080 393 4131 res
411 4064 447 4129 11
469 4063 581 4131 insula
602 4063 731 4131 Lemno
752 4067 869 4147 gestas
891 4062 1329 4147 narravit‚diligentissime

144 4187 277 4254 studuit
298 4189 354 4270 ut,
377 4204 463 4269 quae
486 4186 637 4254 Rhodius
658 4205 725 4254 non
749 4188 851 4254 huius
874 4187 937 4254 loci
953 4186 1328 4266 esseexistimavisset‚

145 4311 242 4393 longo
264 4310 417 4377 anfractu
439 4316 728 4378 commemoraret.
