3300 5067
736 478 817 553 .97

204 672 360 738 homines
382 671 447 754 ipsi
470 672 696 754 celebrentur,
721 671 833 756 regiae
854 672 999 756 familiae
1022 677 1166 740 eventus
1189 675 1298 756 primo·
1318 672 1389 738 loco

204 796 310 880 positi
331 797 413 863 sint.
445 795 555 878 Quum
578 800 695 863 autern
717 799 960 878 percrebuisset
981 798 1088 881 fama,
1107 815 1267 866 numerus
1287 799 1389 866 socio

205 937 283 989 rum
312 921 619 997 celeberrimorum,
653 921 711 1002 qui
733 921 887 988 Iasonem
910 923 1007 1005 longe
1029 926 1251 1006 superabant,
1281 923 1389 990 crevit

204 1051 242 1110 et
263 1043 396 1110 itineris
416 1043 584 1110 terminus
605 1045 715 1126 magis
735 1044 885 1112 recessit.
910 1044 980 1127 Quo
1001 1046 1131 1114 factum
1149 1051 1205 1113 est
1215 1052 1256 1114 ut
1267 1047 1389 1130 digres-

205 1169 320 1234 siones
348 1168 526 1234 nonnullae
548 1184 616 1235 nou
637 1169 792 1236 Iasonem
814 1169 938 1236 honore
960 1169 1162 1238 sustulerint
1185 1168 1264 1248 se'd,
1292 1172 1390 1253 quasi

204 1291 405 1358 Homericae
422 1289 593 1370 ἀρίστειαιι,
615 1294 752 1358 tantum
769 1291 812 1357 ad
827 1271 966 1374 gloriam
990 1293 1071 1360 socii
1082 1293 1256 1361 cuiusdam
1267 1311 1390 1376 augen-

204 1416 491 1498 dampertineant
504 1417 544 1494 1).
557 1414 668 1497 Quum
680 1416 783 1498 igitur
793 1417 991 1500 Apollonius
1001 1417 1151 1484 Rhodius
1162 1417 1389 1501 Argonautica
1473 1459 1477 1472 ·

205 1557 326 1607 cauere
348 1540 583 1606 constituisset
604 1543 843 1621 argumentum
860 1541 1007 1624 invenit,
1026 1541 1114 1623 quod
1128 1541 1247 1608 ducem
1258 1540 1387 1624 ipsum,

205 1665 318 1750 (Iason
348 1664 441 1732 enim
460 1663 575 1745 potius
597 1665 729 1746 primus
751 1663 840 1731 inter
861 1681 961 1746 pares
985 1664 1069 1750 est),
1098 1663 1318 1731 desiderabat.
1341 1663 1389 1730 Εο

205 1789 335 1856 accedit
363 1792 405 1855 ut
426 1805 587 1870 magnum
610 1805 750 1866 ausum,
781 1789 870 1871 quod
892 1789 990 1856 Iason
1013 1789 1146 1856 fortiter
1168 1790 1389 1871 suscepisset,
1495 1845 1500 1858 ,

204 1914 285 1997 sine
301 1914 416 1980 divina
438 1914 482 1979 et
497 1913 627 1996 magica
650 1930 711 1996 ope
733 1930 833 1981 nemo
853 1915 1008 1996 perlicere
1026 1914 1205 1996 potuisset.
1229 1913 1304 1979 Non
1316 1915 1388 1978 tarn

205 2055 330 2121 magno
350 2039 481 2122 impetu
500 2042 537 2104 et
555 2051 654 2104 caeca
671 2039 866 2106 temeritate
886 2056 988 2121 quam
999 2039 1136 2106 consilio
1147 2044 1184 2106 et
1194 2038 1387 2122 prudentia,

204 2181 273 2230 non
306 2163 410 2229 nimis
442 2162 647 2230 confidenter
680 2163 740 2229 sed
769 2164 978 2246 considerate
1009 2164 1086 2246 duci
1108 2163 1277 2246 agendum
1299 2166 1387 2245 erat,

204 2288 264 2370 qui
299 2288 455 2353 omnibus
488 2287 572 2356 bene
594 2286 789 2368 ponderatis
811 2288 902 2354 nulla
924 2287 1071 2370 pericula
1093 2286 1325 2355 reformidavit
1347 2286 1387 2352 cl.

160 2457 167 2464 -
204 2414 272 2493 Ap.
295 2411 350 2476 3:
373 2411 435 2477 501
461 2427 532 2492 seq.
556 2409 590 2493 2)

251 2534 430 2600 Praeterea
446 2533 672 2600 animadverti
689 2534 793 2602 velim
810 2551 933 2602 nomen
953 2535 1111 2602 carminis
1122 2535 1235 2616 ipsum
1245 2533 1389 2600 indicare

205 2658 273 2724 non
303 2660 376 2722 tam
409 2655 537 2722 Iasonis
559 2657 663 2723 solius
685 2657 814 2724 labores
838 2674 939 2739 quam
962 2659 1234 2740 Argonautarum
1257 2657 1389 2739 egregia

204 2783 298 2848 iacta
319 2779 487 2846 celebrari.
509 2779 563 2846 Me
585 2781 693 2848 iudice
715 2781 814 2848 Iason
837 2782 872 2847 in
895 2760 1062 2864 apollonii
1084 2780 1233 2847 carmine
1252 2780 1388 2846 maioris

204 2904 439 2989 aestimandus
471 2907 526 2970 est
558 2922 662 2986 quam
694 2906 846 2988 Aeneas,
882 2921 982 2987 quern
1016 2905 1155 2986 auguria
1177 2908 1214 2970 et
1236 2907 1389 2970 monstra

204 3045 367 3112 persaepe
388 2999 540 3110 progredi
562 3032 753 3112 coegerunt.
776 3026 903 3094 Deinde
925 3044 992 3094 uon
1013 3026 1142 3094 Iasonis
1155 3026 1390 3110 egregiaiacta

246 3319 279 3399 1)
309 3321 450 3381 Weichert
488 3322 582 3381 minus
611 3325 685 3383 recto
713 3321 855 3397 Apollonii
884 3321 994 3381 laudem
1023 3321 1128 3397 carpit,
1159 3323 1259 3397 quibus
1287 3321 1392 3396 profert

204 3445 271 3503 pag.
291 3427 350 3488 342
371 3432 400 3487 et
422 3428 492 3487 343.

214 3579 216 3586 .
245 3531 278 3612 2)
299 3534 401 3592 Unitas
420 3534 451 3592 ia
469 3535 526 3608 Ap.
545 3534 598 3592 Rh.
616 3534 738 3594 carmine
757 3551 813 3592 non
832 3536 875 3594 est
894 3533 984 3604 talis,
996 3534 1106 3608 qualem
1125 3530 1391 3593 Prof.Joh.Koffler

203 3640 286 3700 finxit
304 3640 335 3698 ia
353 3639 559 3700 Jahresbericbt
578 3640 626 3700 des
645 3641 666 3698 1.
683 3641 711 3699 b.
730 3640 1030 3714 Privat-gymnasinms
1050 3639 1206 3699 inBriren:
1227 3637 1271 3697 die
1282 3637 1390 3697 (ileich-

203 3747 279 3807 nisse
297 3746 342 3805 bei
358 3746 523 3820 Apollonius
538 3745 677 3817 Rhodius,
697 3746 867 3805 namentlich
884 3745 913 3804 in
924 3746 1020 3819 Bezug
1029 3745 1081 3803 auf
1087 3745 1146 3804 ihre
1156 3743 1391 3819 stoffgliederende

204 3853 262 3912 und
281 3852 540 3912 characterisirendo
558 3852 733 3927 Bedeutung.
759 3852 795 3911 In
814 3869 869 3927 quo
890 3851 1038 3927 specimine
1058 3851 1234 3910 Germanicae
1253 3849 1392 3910 doctrinae

204 3957 342 4018 inferioris
370 3955 439 4016 dicit
467 3957 515 4017 ille
534 3957 634 4029 omnia,
654 3973 726 4032 quae
743 3958 827 4017 rebus
846 3957 877 4016 in
896 3956 1023 4016 Colchide
1042 3956 1225 4032 praecedunt,
1245 3955 1391 4015 vaticinari

202 4068 233 4124 ot
251 4064 327 4124 facta
344 4067 374 4123 et
391 4063 526 4123 rationem
544 4063 659 4138 agend.
676 4063 784 4123 Iasonis
804 4066 833 4122 et
853 4062 979 4132 Medeae,
1004 4065 1038 4120 ut
1056 4062 1086 4121 in
1107 4061 1213 4121 musica
1233 4061 1391 4136 arteprimo

201 4170 333 4246 audimus
352 4171 478 4245 singulas
496 4171 617 4230 citharas
635 4173 664 4229 ot
683 4185 786 4229 cornua
805 4168 930 4246 singula,
951 4171 1087 4244 postremo
1107 4167 1199 4228 omnia
1218 4167 1311 4228 eodem
1321 4170 1391 4228 tem-

203 4295 270 4354 pore
289 4293 391 4352 magno
411 4276 503 4335 sonitu
522 4276 594 4336 utria
613 4275 766 4350 implentia.
