<?xml version="1.0" encoding="UTF-8"?>
<!DOCTYPE html PUBLIC "-//W3C//DTD XHTML 1.0 Transitional//EN"
    "http://www.w3.org/TR/xhtml1/DTD/xhtml1-transitional.dtd">
<html xmlns="http://www.w3.org/1999/xhtml" xml:lang="en" lang="en">
 <head>
  <title>
</title>
<meta http-equiv="Content-Type" content="text/html;charset=utf-8" />
  <meta name='ocr-system' content='tesseract 3.04.00' />
  <meta name='ocr-capabilities' content='ocr_page ocr_carea ocr_par ocr_line ocrx_word'/>
</head>
<body>
  <div class='ocr_page' id='page_1' title='image "./deapolloniirhod00moltgoog_0058.png"; bbox 0 0 3300 5067; ppageno 0'>
   <div class='ocr_carea' id='block_1_1' title="bbox 894 506 938 571">
    <p class='ocr_par' dir='ltr' id='par_1_1' title="bbox 894 506 938 571">
     <span class='ocr_line' id='line_1_1' title="bbox 894 506 938 571; baseline 0 0"><span class='ocrx_word' id='word_1_1' title='bbox 894 506 938 571; x_wconf 82' lang='lat'>46</span> 
     </span>
    </p>
   </div>
   <div class='ocr_carea' id='block_1_2' title="bbox 325 696 1511 1157">
    <p class='ocr_par' dir='ltr' id='par_1_2' title="bbox 325 696 1511 1157">
     <span class='ocr_line' id='line_1_2' title="bbox 325 696 1510 784; baseline 0.008 -23"><span class='ocrx_word' id='word_1_2' title='bbox 325 696 438 763; x_wconf 87' lang='lat' dir='ltr'>Thoas</span> <span class='ocrx_word' id='word_1_3' title='bbox 468 714 528 779; x_wconf 88' lang='lat' dir='ltr'>pro</span> <span class='ocrx_word' id='word_1_4' title='bbox 556 696 668 781; x_wconf 81' lang='lat' dir='ltr'>Lyaeo</span> <span class='ocrx_word' id='word_1_5' title='bbox 701 716 720 765; x_wconf 94' lang='lat' dir='ltr'>e</span> <span class='ocrx_word' id='word_1_6' title='bbox 750 698 879 766; x_wconf 90' lang='lat' dir='ltr'>latebra</span> <span class='ocrx_word' id='word_1_7' title='bbox 900 700 1066 767; x_wconf 88' lang='lat' dir='ltr'>abductus</span> <span class='ocrx_word' id='word_1_8' title='bbox 1089 701 1249 784; x_wconf 82' lang='lat' dir='ltr'>scaphula</span> <span class='ocrx_word' id='word_1_9' title='bbox 1271 702 1306 768; x_wconf 95' lang='lat' dir='ltr'>in</span> <span class='ocrx_word' id='word_1_10' title='bbox 1330 702 1510 770; x_wconf 80' lang='lat' dir='ltr'>Tauricam</span> 
     </span>
     <span class='ocr_line' id='line_1_3' title="bbox 330 820 1510 909; baseline 0.007 -24"><span class='ocrx_word' id='word_1_11' title='bbox 330 820 601 890; x_wconf 82' lang='lat' dir='ltr'>Chersonnesum</span> <span class='ocrx_word' id='word_1_12' title='bbox 623 822 768 906; x_wconf 85' lang='lat' dir='ltr'>effugere</span> <span class='ocrx_word' id='word_1_13' title='bbox 789 826 954 908; x_wconf 86' lang='lat' dir='ltr'>potuerit:</span> <span class='ocrx_word' id='word_1_14' title='bbox 977 825 1108 891; x_wconf 82' lang='lat' dir='ltr'>facturn</span> <span class='ocrx_word' id='word_1_15' title='bbox 1118 826 1334 893; x_wconf 81' lang='lat' dir='ltr'>memorabile</span> <span class='ocrx_word' id='word_1_16' title='bbox 1346 827 1510 909; x_wconf 83' lang='lat' dir='ltr'>singrdari</span> 
     </span>
     <span class='ocr_line' id='line_1_4' title="bbox 325 945 1511 1035; baseline 0.008 -27"><span class='ocrx_word' id='word_1_17' title='bbox 325 945 467 1011; x_wconf 88' lang='lat' dir='ltr'>audacia</span> <span class='ocrx_word' id='word_1_18' title='bbox 489 946 661 1029; x_wconf 77' lang='lat' dir='ltr'>cogitanti,</span> <span class='ocrx_word' id='word_1_19' title='bbox 685 948 821 1029; x_wconf 88' lang='lat' dir='ltr'>quantis</span> <span class='ocrx_word' id='word_1_20' title='bbox 843 949 1028 1016; x_wconf 87' lang='lat' dir='ltr'>terroribus</span> <span class='ocrx_word' id='word_1_21' title='bbox 1050 949 1266 1031; x_wconf 79' lang='lat' dir='ltr'>Argonautae</span> <span class='ocrx_word' id='word_1_22' title='bbox 1277 950 1386 1032; x_wconf 86' lang='lat' dir='ltr'>prima</span> <span class='ocrx_word' id='word_1_23' title='bbox 1398 955 1511 1035; x_wconf 87' lang='lat' dir='ltr'>nocte,</span> 
     </span>
     <span class='ocr_line' id='line_1_5' title="bbox 326 1071 1509 1157; baseline 0.004 -22"><span class='ocrx_word' id='word_1_24' title='bbox 326 1085 428 1149; x_wconf 88' lang='lat' dir='ltr'>quam</span> <span class='ocrx_word' id='word_1_25' title='bbox 458 1071 491 1137; x_wconf 89' lang='lat' dir='ltr'>in</span> <span class='ocrx_word' id='word_1_26' title='bbox 515 1071 584 1137; x_wconf 88' lang='lat' dir='ltr'>alto</span> <span class='ocrx_word' id='word_1_27' title='bbox 607 1072 692 1139; x_wconf 89' lang='lat' dir='ltr'>mari</span> <span class='ocrx_word' id='word_1_28' title='bbox 715 1074 961 1156; x_wconf 78' lang='lat' dir='ltr'>transegerint,</span> <span class='ocrx_word' id='word_1_29' title='bbox 982 1073 1095 1139; x_wconf 83' lang='lat' dir='ltr'>affecti</span> <span class='ocrx_word' id='word_1_30' title='bbox 1116 1072 1188 1140; x_wconf 90' lang='lat' dir='ltr'>sint</span> <span class='ocrx_word' id='word_1_31' title='bbox 1209 1072 1296 1157; x_wconf 84' lang='lat' dir='ltr'>(Vel.</span> <span class='ocrx_word' id='word_1_32' title='bbox 1320 1072 1354 1139; x_wconf 90' lang='lat'>11</span> <span class='ocrx_word' id='word_1_33' title='bbox 1377 1096 1385 1140; x_wconf 78' lang='lat' dir='ltr'><strong><em>z</em></strong></span> <span class='ocrx_word' id='word_1_34' title='bbox 1409 1073 1509 1157; x_wconf 81' lang='lat'>300)!</span> 
     </span>
    </p>
   </div>
   <div class='ocr_carea' id='block_1_3' title="bbox 315 1324 1515 2255">
    <p class='ocr_par' dir='ltr' id='par_1_3' title="bbox 315 1324 1515 1828">
     <span class='ocr_line' id='line_1_6' title="bbox 322 1324 1515 1406; baseline 0.006 -24"><span class='ocrx_word' id='word_1_35' title='bbox 322 1326 351 1381; x_wconf 88' lang='lat' dir='ltr'>et</span> <span class='ocrx_word' id='word_1_36' title='bbox 377 1324 546 1385; x_wconf 76' lang='lat' dir='ltr'>scholiastae</span> <span class='ocrx_word' id='word_1_37' title='bbox 568 1327 604 1385; x_wconf 86' lang='lat' dir='ltr'>ad</span> <span class='ocrx_word' id='word_1_38' title='bbox 624 1328 753 1403; x_wconf 86' lang='lat' dir='ltr'>Apellen.</span> <span class='ocrx_word' id='word_1_39' title='bbox 771 1328 860 1388; x_wconf 86' lang='lat' dir='ltr'>Rhod.</span> <span class='ocrx_word' id='word_1_40' title='bbox 879 1329 1036 1388; x_wconf 86' lang='lat' dir='ltr'>testimonio</span> <span class='ocrx_word' id='word_1_41' title='bbox 1055 1329 1106 1387; x_wconf 95' lang='lat' dir='ltr'>III</span> <span class='ocrx_word' id='word_1_42' title='bbox 1125 1350 1134 1388; x_wconf 78' lang='lat' dir='ltr'>z</span> <span class='ocrx_word' id='word_1_43' title='bbox 1154 1329 1230 1389; x_wconf 80' lang='lat'><strong>997:</strong></span> <span class='ocrx_word' id='word_1_44' title='bbox 1251 1327 1515 1406; x_wconf 55' lang='lat' dir='ltr'>(tumueram</span> 
     </span>
     <span class='ocr_line' id='line_1_7' title="bbox 322 1430 1512 1503; baseline 0 -14"><span class='ocrx_word' id='word_1_45' title='bbox 322 1430 382 1489; x_wconf 75' lang='lat' dir='ltr'>Stil·</span> <span class='ocrx_word' id='word_1_46' title='bbox 402 1432 525 1491; x_wconf 69' lang='lat' dir='ltr'>Ariadne</span> <span class='ocrx_word' id='word_1_47' title='bbox 545 1436 574 1487; x_wconf 73' lang='grc' dir='ltr'>δὶ</span> <span class='ocrx_word' id='word_1_48' title='bbox 590 1437 640 1487; x_wconf 72' lang='grc' dir='ltr'>ὑπὸ</span> <span class='ocrx_word' id='word_1_49' title='bbox 657 1438 790 1489; x_wconf 76' lang='grc' dir='ltr'><strong><em>Διονυσίου</em></strong></span> <span class='ocrx_word' id='word_1_50' title='bbox 806 1437 877 1489; x_wconf 66' lang='grc' dir='ltr'>κοτέ</span> <span class='ocrx_word' id='word_1_51' title='bbox 892 1456 976 1497; x_wconf 77' lang='grc' dir='ltr'><strong><em>τινος,</em></strong></span> <span class='ocrx_word' id='word_1_52' title='bbox 1000 1437 1030 1502; x_wconf 72' lang='grc' dir='ltr'>ἔξ</span> <span class='ocrx_word' id='word_1_53' title='bbox 1046 1434 1076 1498; x_wconf 63' lang='grc' dir='ltr'>ὅς</span> <span class='ocrx_word' id='word_1_54' title='bbox 1091 1436 1239 1490; x_wconf 64' lang='lat' dir='ltr'>tardatura?</span> <span class='ocrx_word' id='word_1_55' title='bbox 1254 1436 1373 1503; x_wconf 73' lang='grc' dir='ltr'><strong><em>Οἷυίοονι,</em></strong></span> <span class='ocrx_word' id='word_1_56' title='bbox 1391 1440 1512 1503; x_wconf 68' lang='grc' dir='ltr'>Θόαντα,</span> 
     </span>
     <span class='ocr_line' id='line_1_8' title="bbox 315 1539 1514 1618; baseline 0.003 -25"><span class='ocrx_word' id='word_1_57' title='bbox 315 1540 465 1607; x_wconf 65' lang='grc' dir='ltr'><strong><em>Στάφυλον,</em></strong></span> <span class='ocrx_word' id='word_1_58' title='bbox 484 1542 637 1607; x_wconf 62' lang='lat' dir='ltr'>Adrasteus,</span> <span class='ocrx_word' id='word_1_59' title='bbox 656 1542 770 1607; x_wconf 63' lang='grc' dir='ltr'>Εὐάνθη,</span> <span class='ocrx_word' id='word_1_60' title='bbox 788 1539 964 1618; x_wconf 53' lang='lat' dir='ltr'>‘nmmum</span> <span class='ocrx_word' id='word_1_61' title='bbox 983 1542 1073 1601; x_wconf 73' lang='lat' dir='ltr'>fietus</span> <span class='ocrx_word' id='word_1_62' title='bbox 1093 1541 1209 1601; x_wconf 81' lang='lat' dir='ltr'>Stender</span> <span class='ocrx_word' id='word_1_63' title='bbox 1218 1557 1283 1615; x_wconf 79' lang='lat' dir='ltr'>pag.</span> <span class='ocrx_word' id='word_1_64' title='bbox 1293 1539 1344 1611; x_wconf 87' lang='lat'>40,</span> <span class='ocrx_word' id='word_1_65' title='bbox 1354 1540 1414 1599; x_wconf 81' lang='lat' dir='ltr'>sine</span> <span class='ocrx_word' id='word_1_66' title='bbox 1423 1558 1514 1599; x_wconf 76' lang='lat' dir='ltr'>eausa</span> 
     </span>
     <span class='ocr_line' id='line_1_9' title="bbox 321 1646 1515 1721; baseline -0.002 -18"><span class='ocrx_word' id='word_1_67' title='bbox 321 1646 421 1703; x_wconf 86' lang='lat' dir='ltr'>statuit</span> <span class='ocrx_word' id='word_1_68' title='bbox 449 1646 480 1703; x_wconf 92' lang='lat' dir='ltr'>in</span> <span class='ocrx_word' id='word_1_69' title='bbox 509 1646 633 1719; x_wconf 78' lang='lat' dir='ltr'>anhquis</span> <span class='ocrx_word' id='word_1_70' title='bbox 663 1646 760 1705; x_wconf 86' lang='lat' dir='ltr'>Lemni</span> <span class='ocrx_word' id='word_1_71' title='bbox 790 1646 893 1705; x_wconf 83' lang='lat' dir='ltr'>fabulis</span> <span class='ocrx_word' id='word_1_72' title='bbox 920 1647 976 1706; x_wconf 86' lang='lat' dir='ltr'>iam</span> <span class='ocrx_word' id='word_1_73' title='bbox 1002 1647 1140 1707; x_wconf 75' lang='lat' dir='ltr'>Baoehiea</span> <span class='ocrx_word' id='word_1_74' title='bbox 1162 1647 1289 1721; x_wconf 83' lang='lat' dir='ltr'>reperiri,</span> <span class='ocrx_word' id='word_1_75' title='bbox 1310 1647 1386 1706; x_wconf 92' lang='lat' dir='ltr'>hunc</span> <span class='ocrx_word' id='word_1_76' title='bbox 1405 1652 1515 1702; x_wconf 64' lang='grc' dir='ltr'>θύοντι</span> 
     </span>
     <span class='ocr_line' id='line_1_10' title="bbox 321 1751 1059 1828; baseline 0.003 -19"><span class='ocrx_word' id='word_1_77' title='bbox 321 1751 437 1810; x_wconf 88' lang='lat' dir='ltr'>eundem</span> <span class='ocrx_word' id='word_1_78' title='bbox 458 1768 519 1811; x_wconf 89' lang='lat' dir='ltr'>esse</span> <span class='ocrx_word' id='word_1_79' title='bbox 538 1769 572 1810; x_wconf 89' lang='lat' dir='ltr'>ac</span> <span class='ocrx_word' id='word_1_80' title='bbox 591 1751 759 1827; x_wconf 86' lang='lat' dir='ltr'>Hypsipyles</span> <span class='ocrx_word' id='word_1_81' title='bbox 779 1756 887 1828; x_wconf 84' lang='lat' dir='ltr'>patrem</span> <span class='ocrx_word' id='word_1_82' title='bbox 906 1754 1059 1813; x_wconf 84' lang='lat' dir='ltr'>affirmans.</span> 
     </span>
    </p>

    <p class='ocr_par' dir='ltr' id='par_1_4' title="bbox 321 1858 1511 2255">
     <span class='ocr_line' id='line_1_11' title="bbox 362 1858 1510 1937; baseline 0.002 -21"><span class='ocrx_word' id='word_1_83' title='bbox 362 1858 435 1916; x_wconf 88' lang='lat' dir='ltr'>Nam</span> <span class='ocrx_word' id='word_1_84' title='bbox 456 1858 515 1933; x_wconf 87' lang='lat' dir='ltr'>ipse</span> <span class='ocrx_word' id='word_1_85' title='bbox 533 1859 641 1918; x_wconf 90' lang='lat' dir='ltr'>monuit</span> <span class='ocrx_word' id='word_1_86' title='bbox 660 1876 723 1934; x_wconf 87' lang='lat' dir='ltr'>pag.</span> <span class='ocrx_word' id='word_1_87' title='bbox 745 1860 784 1919; x_wconf 87' lang='grc'>39</span> <span class='ocrx_word' id='word_1_88' title='bbox 804 1862 923 1920; x_wconf 88' lang='lat' dir='ltr'>alterum</span> <span class='ocrx_word' id='word_1_89' title='bbox 939 1862 1029 1919; x_wconf 90' lang='lat' dir='ltr'>tilium</span> <span class='ocrx_word' id='word_1_90' title='bbox 1049 1861 1218 1937; x_wconf 86' lang='lat' dir='ltr'>Hypsipyles</span> <span class='ocrx_word' id='word_1_91' title='bbox 1237 1865 1266 1920; x_wconf 90' lang='lat' dir='ltr'>et</span> <span class='ocrx_word' id='word_1_92' title='bbox 1284 1862 1408 1935; x_wconf 85' lang='lat' dir='ltr'>Iasonis,</span> <span class='ocrx_word' id='word_1_93' title='bbox 1428 1860 1510 1920; x_wconf 86' lang='lat' dir='ltr'>euius</span> 
     </span>
     <span class='ocr_line' id='line_1_12' title="bbox 321 1965 1510 2043; baseline 0.003 -22"><span class='ocrx_word' id='word_1_94' title='bbox 321 1980 420 2023; x_wconf 88' lang='lat' dir='ltr'>nomen</span> <span class='ocrx_word' id='word_1_95' title='bbox 450 1967 539 2023; x_wconf 82' lang='lat' dir='ltr'>exstat</span> <span class='ocrx_word' id='word_1_96' title='bbox 558 1965 772 2041; x_wconf 81' lang='lat' dir='ltr'>Nebrophonus,</span> <span class='ocrx_word' id='word_1_97' title='bbox 794 1968 952 2041; x_wconf 85' lang='lat' dir='ltr'>posterioris</span> <span class='ocrx_word' id='word_1_98' title='bbox 970 1968 1101 2042; x_wconf 61' lang='lat' dir='ltr'>emporis</span> <span class='ocrx_word' id='word_1_99' title='bbox 1120 1968 1337 2027; x_wconf 88' lang='lat' dir='ltr'>additamentum</span> <span class='ocrx_word' id='word_1_100' title='bbox 1357 1984 1433 2043; x_wconf 77' lang='lat' dir='ltr'>esse,</span> <span class='ocrx_word' id='word_1_101' title='bbox 1452 1984 1510 2041; x_wconf 83' lang='lat' dir='ltr'>quo</span> 
     </span>
     <span class='ocr_line' id='line_1_13' title="bbox 322 2069 1509 2148; baseline 0.004 -22"><span class='ocrx_word' id='word_1_102' title='bbox 322 2069 381 2144; x_wconf 86' lang='lat' dir='ltr'>ipse</span> <span class='ocrx_word' id='word_1_103' title='bbox 401 2072 566 2130; x_wconf 75' lang='lat' dir='ltr'>metentium</span> <span class='ocrx_word' id='word_1_104' title='bbox 584 2072 701 2132; x_wconf 81' lang='lat' dir='ltr'>refellit:</span> <span class='ocrx_word' id='word_1_105' title='bbox 722 2072 826 2132; x_wconf 87' lang='lat' dir='ltr'>Baeebi</span> <span class='ocrx_word' id='word_1_106' title='bbox 846 2074 953 2132; x_wconf 87' lang='lat' dir='ltr'>cultum</span> <span class='ocrx_word' id='word_1_107' title='bbox 973 2074 1128 2148; x_wconf 87' lang='lat' dir='ltr'>antiquitus</span> <span class='ocrx_word' id='word_1_108' title='bbox 1147 2070 1244 2133; x_wconf 79' lang='lat' dir='ltr'>Iamhi</span> <span class='ocrx_word' id='word_1_109' title='bbox 1259 2074 1401 2133; x_wconf 90' lang='lat' dir='ltr'>inhonore</span> <span class='ocrx_word' id='word_1_110' title='bbox 1410 2073 1509 2132; x_wconf 85' lang='lat' dir='ltr'>fuisse.</span> 
     </span>
     <span class='ocr_line' id='line_1_14' title="bbox 322 2176 1511 2255; baseline 0.001 -20"><span class='ocrx_word' id='word_1_111' title='bbox 322 2176 433 2251; x_wconf 83' lang='lat' dir='ltr'>Optime</span> <span class='ocrx_word' id='word_1_112' title='bbox 453 2178 582 2237; x_wconf 86' lang='lat' dir='ltr'>meritum</span> <span class='ocrx_word' id='word_1_113' title='bbox 602 2194 662 2238; x_wconf 90' lang='lat' dir='ltr'>esse</span> <span class='ocrx_word' id='word_1_114' title='bbox 678 2179 839 2239; x_wconf 89' lang='lat' dir='ltr'>Stenderum</span> <span class='ocrx_word' id='word_1_115' title='bbox 858 2180 892 2239; x_wconf 93' lang='lat' dir='ltr'>de</span> <span class='ocrx_word' id='word_1_116' title='bbox 901 2182 1125 2255; x_wconf 72' lang='lat' dir='ltr'>Argonauurum</span> <span class='ocrx_word' id='word_1_117' title='bbox 1135 2180 1306 2255; x_wconf 83' lang='lat' dir='ltr'>expeditione</span> <span class='ocrx_word' id='word_1_118' title='bbox 1316 2179 1412 2240; x_wconf 87' lang='lat' dir='ltr'>critioe</span> <span class='ocrx_word' id='word_1_119' title='bbox 1419 2180 1511 2253; x_wconf 83' lang='lat' dir='ltr'>expli-</span> 
     </span>
    </p>
   </div>
   <div class='ocr_carea' id='block_1_4' title="bbox 322 2283 1629 2360">
    <p class='ocr_par' dir='ltr' id='par_1_5' title="bbox 322 2283 1629 2360">
     <span class='ocr_line' id='line_1_15' title="bbox 322 2283 1629 2360; baseline 0.002 -19"><span class='ocrx_word' id='word_1_120' title='bbox 322 2283 411 2341; x_wconf 83' lang='lat' dir='ltr'>canda</span> <span class='ocrx_word' id='word_1_121' title='bbox 440 2284 556 2344; x_wconf 79' lang='lat' dir='ltr'>libenter</span> <span class='ocrx_word' id='word_1_122' title='bbox 585 2301 720 2359; x_wconf 88' lang='lat' dir='ltr'>agnosco,</span> <span class='ocrx_word' id='word_1_123' title='bbox 750 2285 798 2345; x_wconf 90' lang='lat' dir='ltr'>sed</span> <span class='ocrx_word' id='word_1_124' title='bbox 828 2286 880 2344; x_wconf 92' lang='lat' dir='ltr'>hoc</span> <span class='ocrx_word' id='word_1_125' title='bbox 905 2286 965 2345; x_wconf 86' lang='lat' dir='ltr'>loce</span> <span class='ocrx_word' id='word_1_126' title='bbox 988 2289 1152 2360; x_wconf 87' lang='lat' dir='ltr'>argumenta</span> <span class='ocrx_word' id='word_1_127' title='bbox 1172 2286 1203 2344; x_wconf 88' lang='lat' dir='ltr'>in</span> <span class='ocrx_word' id='word_1_128' title='bbox 1223 2285 1334 2345; x_wconf 78' lang='lat' dir='ltr'>tichciis</span> <span class='ocrx_word' id='word_1_129' title='bbox 1354 2287 1509 2345; x_wconf 87' lang='lat' dir='ltr'>recentium</span> <span class='ocrx_word' id='word_1_130' title='bbox 1628 2299 1629 2322; x_wconf 62' lang='lat'>¹</span> 
     </span>
    </p>
   </div>
   <div class='ocr_carea' id='block_1_5' title="bbox 322 2390 1510 2679">
    <p class='ocr_par' dir='ltr' id='par_1_6' title="bbox 322 2390 1510 2679">
     <span class='ocr_line' id='line_1_16' title="bbox 322 2390 1506 2465; baseline 0.003 -19"><span class='ocrx_word' id='word_1_131' title='bbox 322 2390 583 2465; x_wconf 86' lang='lat' dir='ltr'>mythogruphorum</span> <span class='ocrx_word' id='word_1_132' title='bbox 603 2390 704 2449; x_wconf 88' lang='lat' dir='ltr'>fabulis</span> <span class='ocrx_word' id='word_1_133' title='bbox 724 2392 895 2465; x_wconf 77' lang='lat' dir='ltr'>investigans</span> <span class='ocrx_word' id='word_1_134' title='bbox 915 2392 1080 2452; x_wconf 73' lang='lat' dir='ltr'>obscuritate</span> <span class='ocrx_word' id='word_1_135' title='bbox 1099 2393 1214 2452; x_wconf 89' lang='lat' dir='ltr'>laborat.</span> <span class='ocrx_word' id='word_1_136' title='bbox 1235 2393 1324 2452; x_wconf 77' lang='lat' dir='ltr'>Grave</span> <span class='ocrx_word' id='word_1_137' title='bbox 1343 2395 1386 2451; x_wconf 89' lang='lat' dir='ltr'>est</span> <span class='ocrx_word' id='word_1_138' title='bbox 1403 2392 1506 2451; x_wconf 80' lang='lat' dir='ltr'>vitium</span> 
     </span>
     <span class='ocr_line' id='line_1_17' title="bbox 323 2496 1510 2571; baseline 0.001 -16"><span class='ocrx_word' id='word_1_139' title='bbox 323 2496 478 2567; x_wconf 85' lang='lat' dir='ltr'>Valerium,</span> <span class='ocrx_word' id='word_1_140' title='bbox 500 2497 548 2571; x_wconf 90' lang='lat' dir='ltr'>qui</span> <span class='ocrx_word' id='word_1_141' title='bbox 569 2497 661 2557; x_wconf 87' lang='lat' dir='ltr'>omnia</span> <span class='ocrx_word' id='word_1_142' title='bbox 680 2498 713 2557; x_wconf 94' lang='lat' dir='ltr'>de</span> <span class='ocrx_word' id='word_1_143' title='bbox 733 2497 856 2557; x_wconf 89' lang='lat' dir='ltr'>Thoante</span> <span class='ocrx_word' id='word_1_144' title='bbox 876 2500 984 2557; x_wconf 82' lang='lat' dir='ltr'>servato</span> <span class='ocrx_word' id='word_1_145' title='bbox 1003 2498 1084 2557; x_wconf 87' lang='lat' dir='ltr'>linxit</span> <span class='ocrx_word' id='word_1_146' title='bbox 1103 2497 1122 2555; x_wconf 82' lang='lat'>2</span> <span class='ocrx_word' id='word_1_147' title='bbox 1143 2519 1151 2557; x_wconf 92' lang='lat'><strong>:</strong></span> <span class='ocrx_word' id='word_1_148' title='bbox 1171 2497 1247 2569; x_wconf 89' lang='grc'><strong>330,</strong></span> <span class='ocrx_word' id='word_1_149' title='bbox 1268 2501 1301 2556; x_wconf 91' lang='lat' dir='ltr'>ut</span> <span class='ocrx_word' id='word_1_150' title='bbox 1319 2498 1423 2558; x_wconf 67' lang='lat' dir='ltr'>ionum</span> <span class='ocrx_word' id='word_1_151' title='bbox 1432 2514 1510 2557; x_wconf 89' lang='lat' dir='ltr'>com·</span> 
     </span>
     <span class='ocr_line' id='line_1_18' title="bbox 323 2605 1503 2679; baseline -0.003 -12"><span class='ocrx_word' id='word_1_152' title='bbox 323 2623 473 2667; x_wconf 90' lang='lat' dir='ltr'>memorare</span> <span class='ocrx_word' id='word_1_153' title='bbox 492 2605 527 2664; x_wconf 90' lang='lat' dir='ltr'>ad</span> <span class='ocrx_word' id='word_1_154' title='bbox 546 2605 787 2665; x_wconf 84' lang='lat' dir='ltr'>demonshandum</span> <span class='ocrx_word' id='word_1_155' title='bbox 807 2606 914 2665; x_wconf 85' lang='lat' dir='ltr'>auitum</span> <span class='ocrx_word' id='word_1_156' title='bbox 933 2606 1100 2665; x_wconf 84' lang='lat' dir='ltr'>Bacchicam</span> <span class='ocrx_word' id='word_1_157' title='bbox 1119 2606 1177 2664; x_wconf 90' lang='lat' dir='ltr'>illis</span> <span class='ocrx_word' id='word_1_158' title='bbox 1205 2606 1374 2679; x_wconf 69' lang='lat' dir='ltr'>hmponbns</span> <span class='ocrx_word' id='word_1_159' title='bbox 1402 2605 1503 2664; x_wconf 82' lang='lat' dir='ltr'>lemni</span> 
     </span>
    </p>
   </div>
   <div class='ocr_carea' id='block_1_6' title="bbox 323 2712 1630 2895">
    <p class='ocr_par' dir='ltr' id='par_1_7' title="bbox 323 2712 1630 2895">
     <span class='ocr_line' id='line_1_19' title="bbox 323 2712 1630 2804; baseline -0.001 -32"><span class='ocrx_word' id='word_1_160' title='bbox 323 2714 500 2774; x_wconf 83' lang='lat' dir='ltr'>remaculum</span> <span class='ocrx_word' id='word_1_161' title='bbox 521 2713 615 2772; x_wconf 84' lang='lat' dir='ltr'>fuisse.</span> <span class='ocrx_word' id='word_1_162' title='bbox 643 2712 779 2771; x_wconf 84' lang='lat' dir='ltr'>Bacchica</span> <span class='ocrx_word' id='word_1_163' title='bbox 799 2713 873 2772; x_wconf 91' lang='lat' dir='ltr'>enim</span> <span class='ocrx_word' id='word_1_164' title='bbox 892 2712 1030 2772; x_wconf 83' lang='lat' dir='ltr'>trieterica</span> <span class='ocrx_word' id='word_1_165' title='bbox 1049 2713 1177 2772; x_wconf 84' lang='lat' dir='ltr'>Valerius</span> <span class='ocrx_word' id='word_1_166' title='bbox 1196 2714 1226 2771; x_wconf 93' lang='lat' dir='ltr'>in</span> <span class='ocrx_word' id='word_1_167' title='bbox 1245 2712 1350 2787; x_wconf 85' lang='lat' dir='ltr'>poetico</span> <span class='ocrx_word' id='word_1_168' title='bbox 1369 2715 1508 2787; x_wconf 82' lang='lat' dir='ltr'>apparatu</span> <span class='ocrx_word' id='word_1_169' title='bbox 1629 2775 1630 2804; x_wconf 20' lang='grc' dir='ltr'>ἶ</span> 
     </span>
     <span class='ocr_line' id='line_1_20' title="bbox 323 2819 1509 2895; baseline -0.002 -15"><span class='ocrx_word' id='word_1_170' title='bbox 323 2820 459 2880; x_wconf 86' lang='lat' dir='ltr'>instructa</span> <span class='ocrx_word' id='word_1_171' title='bbox 490 2822 518 2878; x_wconf 89' lang='lat' dir='ltr'>et</span> <span class='ocrx_word' id='word_1_172' title='bbox 548 2822 675 2895; x_wconf 87' lang='lat' dir='ltr'>prompta</span> <span class='ocrx_word' id='word_1_173' title='bbox 704 2820 826 2878; x_wconf 88' lang='lat' dir='ltr'>invenire</span> <span class='ocrx_word' id='word_1_174' title='bbox 857 2820 961 2893; x_wconf 76' lang='lat' dir='ltr'>potiit,</span> <span class='ocrx_word' id='word_1_175' title='bbox 982 2837 1053 2894; x_wconf 87' lang='lat' dir='ltr'>quae</span> <span class='ocrx_word' id='word_1_176' title='bbox 1072 2819 1269 2879; x_wconf 84' lang='lat' dir='ltr'>dormientibus</span> <span class='ocrx_word' id='word_1_177' title='bbox 1288 2819 1458 2879; x_wconf 85' lang='lat' dir='ltr'>auditoribus</span> <span class='ocrx_word' id='word_1_178' title='bbox 1477 2824 1509 2879; x_wconf 90' lang='lat' dir='ltr'>et</span> 
     </span>
    </p>
   </div>
   <div class='ocr_carea' id='block_1_7' title="bbox 320 2926 1511 4387">
    <p class='ocr_par' dir='ltr' id='par_1_8' title="bbox 322 2926 1511 3212">
     <span class='ocr_line' id='line_1_21' title="bbox 324 2926 1511 3001; baseline -0.001 -16"><span class='ocrx_word' id='word_1_179' title='bbox 324 2926 464 2985; x_wconf 83' lang='lat' dir='ltr'>subselliis</span> <span class='ocrx_word' id='word_1_180' title='bbox 494 2926 668 2985; x_wconf 88' lang='lat' dir='ltr'>declamaret.</span> <span class='ocrx_word' id='word_1_181' title='bbox 705 2926 862 2985; x_wconf 86' lang='lat' dir='ltr'>Verisimile</span> <span class='ocrx_word' id='word_1_182' title='bbox 898 2928 942 2985; x_wconf 89' lang='lat' dir='ltr'>est</span> <span class='ocrx_word' id='word_1_183' title='bbox 968 2926 1109 2985; x_wconf 87' lang='lat' dir='ltr'>Valerium</span> <span class='ocrx_word' id='word_1_184' title='bbox 1139 2943 1189 3000; x_wconf 90' lang='lat' dir='ltr'>pro</span> <span class='ocrx_word' id='word_1_185' title='bbox 1217 2926 1341 2999; x_wconf 89' lang='lat' dir='ltr'>antiquis</span> <span class='ocrx_word' id='word_1_186' title='bbox 1367 2927 1511 3001; x_wconf 82' lang='lat' dir='ltr'>mysteriis</span> 
     </span>
     <span class='ocr_line' id='line_1_22' title="bbox 323 3030 1508 3107; baseline 0.003 -17"><span class='ocrx_word' id='word_1_187' title='bbox 323 3032 422 3090; x_wconf 91' lang='lat' dir='ltr'>Lemni</span> <span class='ocrx_word' id='word_1_188' title='bbox 441 3048 549 3105; x_wconf 89' lang='lat' dir='ltr'>quoque</span> <span class='ocrx_word' id='word_1_189' title='bbox 567 3032 598 3089; x_wconf 93' lang='lat' dir='ltr'>in</span> <span class='ocrx_word' id='word_1_190' title='bbox 608 3031 736 3092; x_wconf 90' lang='lat' dir='ltr'>honorem</span> <span class='ocrx_word' id='word_1_191' title='bbox 746 3030 910 3091; x_wconf 86' lang='lat' dir='ltr'>Kabirornm</span> <span class='ocrx_word' id='word_1_192' title='bbox 920 3030 1063 3091; x_wconf 87' lang='lat' dir='ltr'>celebratis</span> <span class='ocrx_word' id='word_1_193' title='bbox 1072 3032 1356 3093; x_wconf 79' lang='lat' dir='ltr'>Bamhioumcnltnm</span> <span class='ocrx_word' id='word_1_194' title='bbox 1365 3034 1508 3107; x_wconf 86' lang='lat' dir='ltr'>posuisse,</span> 
     </span>
     <span class='ocr_line' id='line_1_23' title="bbox 322 3137 924 3212; baseline 0.002 -16"><span class='ocrx_word' id='word_1_195' title='bbox 322 3154 377 3211; x_wconf 86' lang='lat' dir='ltr'>quo</span> <span class='ocrx_word' id='word_1_196' title='bbox 395 3138 524 3212; x_wconf 86' lang='lat' dir='ltr'>aequales</span> <span class='ocrx_word' id='word_1_197' title='bbox 543 3138 633 3211; x_wconf 87' lang='lat' dir='ltr'>magis</span> <span class='ocrx_word' id='word_1_198' title='bbox 653 3137 783 3197; x_wconf 86' lang='lat' dir='ltr'>delectari</span> <span class='ocrx_word' id='word_1_199' title='bbox 803 3141 924 3212; x_wconf 80' lang='lat' dir='ltr'>possent.</span> 
     </span>
    </p>

    <p class='ocr_par' dir='ltr' id='par_1_9' title="bbox 320 3241 1511 4387">
     <span class='ocr_line' id='line_1_24' title="bbox 362 3241 1508 3319; baseline 0.005 -18"><span class='ocrx_word' id='word_1_200' title='bbox 362 3244 405 3302; x_wconf 89' lang='lat' dir='ltr'>Ne</span> <span class='ocrx_word' id='word_1_201' title='bbox 432 3241 598 3317; x_wconf 81' lang='lat' dir='ltr'>Apollonius</span> <span class='ocrx_word' id='word_1_202' title='bbox 617 3243 728 3318; x_wconf 89' lang='lat' dir='ltr'>quidem</span> <span class='ocrx_word' id='word_1_203' title='bbox 749 3244 882 3303; x_wconf 82' lang='lat' dir='ltr'>Thoantis</span> <span class='ocrx_word' id='word_1_204' title='bbox 901 3246 933 3302; x_wconf 91' lang='lat' dir='ltr'>ut</span> <span class='ocrx_word' id='word_1_205' title='bbox 952 3243 1056 3303; x_wconf 84' lang='lat' dir='ltr'>Bacchi</span> <span class='ocrx_word' id='word_1_206' title='bbox 1076 3244 1128 3302; x_wconf 91' lang='lat' dir='ltr'>filii</span> <span class='ocrx_word' id='word_1_207' title='bbox 1148 3244 1281 3319; x_wconf 86' lang='lat' dir='ltr'>originem</span> <span class='ocrx_word' id='word_1_208' title='bbox 1302 3250 1508 3308; x_wconf 88' lang='lat' dir='ltr'>commemorat.</span> 
     </span>
     <span class='ocr_line' id='line_1_25' title="bbox 321 3351 1508 3425; baseline -0.001 -15"><span class='ocrx_word' id='word_1_209' title='bbox 321 3352 357 3410; x_wconf 86' lang='lat' dir='ltr'>In</span> <span class='ocrx_word' id='word_1_210' title='bbox 377 3352 430 3411; x_wconf 85' lang='lat' dir='ltr'>hac</span> <span class='ocrx_word' id='word_1_211' title='bbox 450 3368 557 3425; x_wconf 88' lang='lat' dir='ltr'>quoque</span> <span class='ocrx_word' id='word_1_212' title='bbox 577 3352 671 3410; x_wconf 83' lang='lat' dir='ltr'>fabula</span> <span class='ocrx_word' id='word_1_213' title='bbox 689 3351 883 3425; x_wconf 86' lang='lat' dir='ltr'>mythographi</span> <span class='ocrx_word' id='word_1_214' title='bbox 903 3368 918 3410; x_wconf 93' lang='lat' dir='ltr'>e</span> <span class='ocrx_word' id='word_1_215' title='bbox 938 3351 1048 3411; x_wconf 87' lang='lat' dir='ltr'>Valerio</span> <span class='ocrx_word' id='word_1_216' title='bbox 1066 3352 1188 3410; x_wconf 82' lang='lat' dir='ltr'>rivulum</span> <span class='ocrx_word' id='word_1_217' title='bbox 1208 3352 1344 3412; x_wconf 86' lang='lat' dir='ltr'>duxerunt</span> <span class='ocrx_word' id='word_1_218' title='bbox 1361 3352 1396 3412; x_wconf 87' lang='lat' dir='ltr'>ef.</span> <span class='ocrx_word' id='word_1_219' title='bbox 1416 3351 1508 3425; x_wconf 81' lang='lat' dir='ltr'>Myth.</span> 
     </span>
     <span class='ocr_line' id='line_1_26' title="bbox 324 3457 1509 3533; baseline 0.001 -16"><span class='ocrx_word' id='word_1_220' title='bbox 324 3459 340 3517; x_wconf 94' lang='lat'>1</span> <span class='ocrx_word' id='word_1_221' title='bbox 364 3480 371 3518; x_wconf 90' lang='lat'><strong>:</strong></span> <span class='ocrx_word' id='word_1_222' title='bbox 393 3458 460 3519; x_wconf 87' lang='grc'><strong>199.</strong></span> <span class='ocrx_word' id='word_1_223' title='bbox 491 3457 647 3518; x_wconf 90' lang='lat' dir='ltr'>Phetonens</span> <span class='ocrx_word' id='word_1_224' title='bbox 675 3460 767 3517; x_wconf 89' lang='lat' dir='ltr'>autern</span> <span class='ocrx_word' id='word_1_225' title='bbox 798 3474 847 3516; x_wconf 90' lang='lat' dir='ltr'>seu</span> <span class='ocrx_word' id='word_1_226' title='bbox 877 3458 1023 3532; x_wconf 76' lang='lat' dir='ltr'>Thyoneus</span> <span class='ocrx_word' id='word_1_227' title='bbox 1041 3458 1134 3517; x_wconf 87' lang='lat' dir='ltr'>Liberi</span> <span class='ocrx_word' id='word_1_228' title='bbox 1154 3458 1230 3517; x_wconf 88' lang='lat' dir='ltr'>filins</span> <span class='ocrx_word' id='word_1_229' title='bbox 1249 3459 1304 3517; x_wconf 89' lang='lat' dir='ltr'>fuit</span> <span class='ocrx_word' id='word_1_230' title='bbox 1324 3459 1372 3533; x_wconf 90' lang='lat' dir='ltr'>qui</span> <span class='ocrx_word' id='word_1_231' title='bbox 1389 3460 1418 3517; x_wconf 95' lang='lat' dir='ltr'>in</span> <span class='ocrx_word' id='word_1_232' title='bbox 1437 3458 1509 3518; x_wconf 84' lang='lat' dir='ltr'>chio</span> 
     </span>
     <span class='ocr_line' id='line_1_27' title="bbox 320 3564 1507 3641; baseline -0.001 -17"><span class='ocrx_word' id='word_1_233' title='bbox 320 3566 451 3640; x_wconf 72' lang='lat' dir='ltr'>&#39;regnavit</span> <span class='ocrx_word' id='word_1_234' title='bbox 480 3567 559 3639; x_wconf 89' lang='lat' dir='ltr'>pater</span> <span class='ocrx_word' id='word_1_235' title='bbox 588 3564 720 3623; x_wconf 86' lang='lat' dir='ltr'>Thoantis</span> <span class='ocrx_word' id='word_1_236' title='bbox 749 3564 839 3641; x_wconf 86' lang='lat' dir='ltr'>regis,</span> <span class='ocrx_word' id='word_1_237' title='bbox 871 3565 950 3623; x_wconf 89' lang='lat' dir='ltr'>cuius</span> <span class='ocrx_word' id='word_1_238' title='bbox 976 3565 1035 3623; x_wconf 92' lang='lat' dir='ltr'>filia</span> <span class='ocrx_word' id='word_1_239' title='bbox 1060 3564 1293 3639; x_wconf 69' lang='lat' dir='ltr'>Hypsipyle...</span> <span class='ocrx_word' id='word_1_240' title='bbox 1320 3567 1379 3625; x_wconf 88' lang='lat' dir='ltr'>sola</span> <span class='ocrx_word' id='word_1_241' title='bbox 1398 3568 1507 3639; x_wconf 86' lang='lat' dir='ltr'>patrem</span> 
     </span>
     <span class='ocr_line' id='line_1_28' title="bbox 322 3670 1507 3747; baseline 0 -16"><span class='ocrx_word' id='word_1_242' title='bbox 322 3672 456 3744; x_wconf 85' lang='lat' dir='ltr'>servavit,</span> <span class='ocrx_word' id='word_1_243' title='bbox 480 3688 561 3746; x_wconf 88' lang='lat' dir='ltr'>quem</span> <span class='ocrx_word' id='word_1_244' title='bbox 581 3688 700 3746; x_wconf 85' lang='lat' dir='ltr'>proavus</span> <span class='ocrx_word' id='word_1_245' title='bbox 719 3670 801 3730; x_wconf 90' lang='lat' dir='ltr'>Liber</span> <span class='ocrx_word' id='word_1_246' title='bbox 820 3671 947 3730; x_wconf 82' lang='lat' dir='ltr'>salvavit</span> <span class='ocrx_word' id='word_1_247' title='bbox 968 3672 1057 3741; x_wconf 79' lang='lat' dir='ltr'>Quam</span> <span class='ocrx_word' id='word_1_248' title='bbox 1076 3671 1210 3731; x_wconf 88' lang='lat' dir='ltr'>detortam</span> <span class='ocrx_word' id='word_1_249' title='bbox 1229 3676 1257 3731; x_wconf 90' lang='lat' dir='ltr'>et</span> <span class='ocrx_word' id='word_1_250' title='bbox 1276 3690 1292 3731; x_wconf 92' lang='lat' dir='ltr'>e</span> <span class='ocrx_word' id='word_1_251' title='bbox 1311 3672 1421 3732; x_wconf 83' lang='lat' dir='ltr'>Valerio</span> <span class='ocrx_word' id='word_1_252' title='bbox 1437 3689 1507 3747; x_wconf 81' lang='lat' dir='ltr'>par·</span> 
     </span>
     <span class='ocr_line' id='line_1_29' title="bbox 321 3776 1508 3853; baseline 0.003 -18"><span class='ocrx_word' id='word_1_253' title='bbox 321 3778 373 3835; x_wconf 90' lang='lat' dir='ltr'>tim</span> <span class='ocrx_word' id='word_1_254' title='bbox 394 3781 533 3853; x_wconf 86' lang='lat' dir='ltr'>sumptam</span> <span class='ocrx_word' id='word_1_255' title='bbox 553 3777 754 3837; x_wconf 79' lang='lat' dir='ltr'>adnotationem</span> <span class='ocrx_word' id='word_1_256' title='bbox 771 3776 885 3836; x_wconf 83' lang='lat' dir='ltr'>Stender</span> <span class='ocrx_word' id='word_1_257' title='bbox 900 3777 1020 3851; x_wconf 87' lang='lat' dir='ltr'>sumpsit</span> <span class='ocrx_word' id='word_1_258' title='bbox 1041 3776 1077 3835; x_wconf 90' lang='lat' dir='ltr'>ad</span> <span class='ocrx_word' id='word_1_259' title='bbox 1093 3776 1333 3836; x_wconf 86' lang='lat' dir='ltr'>demonstrandum</span> <span class='ocrx_word' id='word_1_260' title='bbox 1354 3778 1508 3838; x_wconf 83' lang='lat' dir='ltr'>Thoantem</span> 
     </span>
     <span class='ocr_line' id='line_1_30' title="bbox 322 3883 1508 3945; baseline 0.003 -3"><span class='ocrx_word' id='word_1_261' title='bbox 322 3902 340 3942; x_wconf 91' lang='lat' dir='ltr'>a</span> <span class='ocrx_word' id='word_1_262' title='bbox 369 3884 479 3945; x_wconf 86' lang='lat' dir='ltr'>Baccho</span> <span class='ocrx_word' id='word_1_263' title='bbox 509 3885 654 3943; x_wconf 89' lang='lat' dir='ltr'>oriundum</span> <span class='ocrx_word' id='word_1_264' title='bbox 674 3900 741 3943; x_wconf 90' lang='lat' dir='ltr'>esse.</span> <span class='ocrx_word' id='word_1_265' title='bbox 768 3883 834 3943; x_wconf 85' lang='lat' dir='ltr'>Veri</span> <span class='ocrx_word' id='word_1_266' title='bbox 853 3883 944 3942; x_wconf 89' lang='lat' dir='ltr'>simile</span> <span class='ocrx_word' id='word_1_267' title='bbox 963 3883 1072 3942; x_wconf 84' lang='lat' dir='ltr'>videbrr</span> <span class='ocrx_word' id='word_1_268' title='bbox 1091 3883 1188 3942; x_wconf 89' lang='lat' dir='ltr'>Lemni</span> <span class='ocrx_word' id='word_1_269' title='bbox 1207 3883 1238 3941; x_wconf 93' lang='lat' dir='ltr'>in</span> <span class='ocrx_word' id='word_1_270' title='bbox 1257 3883 1349 3942; x_wconf 87' lang='lat' dir='ltr'>insula</span> <span class='ocrx_word' id='word_1_271' title='bbox 1368 3884 1508 3945; x_wconf 82' lang='lat' dir='ltr'>Bacchica</span> 
     </span>
     <span class='ocr_line' id='line_1_31' title="bbox 327 3989 1509 4065; baseline 0.001 -17"><span class='ocrx_word' id='word_1_272' title='bbox 327 4006 479 4065; x_wconf 87' lang='lat' dir='ltr'>numquam</span> <span class='ocrx_word' id='word_1_273' title='bbox 495 3992 570 4051; x_wconf 88' lang='lat' dir='ltr'>onita</span> <span class='ocrx_word' id='word_1_274' title='bbox 585 4008 652 4062; x_wconf 91' lang='lat' dir='ltr'>esse,</span> <span class='ocrx_word' id='word_1_275' title='bbox 681 4006 732 4049; x_wconf 92' lang='lat' dir='ltr'>nec</span> <span class='ocrx_word' id='word_1_276' title='bbox 750 3989 916 4064; x_wconf 84' lang='lat' dir='ltr'>Apollonius</span> <span class='ocrx_word' id='word_1_277' title='bbox 935 3990 1058 4048; x_wconf 85' lang='lat' dir='ltr'>Rhodius</span> <span class='ocrx_word' id='word_1_278' title='bbox 1078 4006 1111 4049; x_wconf 89' lang='lat' dir='ltr'>ea</span> <span class='ocrx_word' id='word_1_279' title='bbox 1130 3994 1330 4062; x_wconf 79' lang='lat' dir='ltr'>commemorat</span> <span class='ocrx_word' id='word_1_280' title='bbox 1349 4008 1401 4050; x_wconf 88' lang='lat' dir='ltr'>nec</span> <span class='ocrx_word' id='word_1_281' title='bbox 1420 4008 1509 4065; x_wconf 86' lang='lat' dir='ltr'>argn-</span> 
     </span>
     <span class='ocr_line' id='line_1_32' title="bbox 325 4074 1511 4172; baseline 0.001 -16"><span class='ocrx_word' id='word_1_282' title='bbox 325 4100 418 4157; x_wconf 89' lang='lat' dir='ltr'>menta</span> <span class='ocrx_word' id='word_1_283' title='bbox 448 4074 518 4171; x_wconf 71' lang='lat' dir='ltr'>onae</span> <span class='ocrx_word' id='word_1_284' title='bbox 547 4098 660 4157; x_wconf 86' lang='lat' dir='ltr'>Stender</span> <span class='ocrx_word' id='word_1_285' title='bbox 688 4097 791 4172; x_wconf 86' lang='lat' dir='ltr'>profert</span> <span class='ocrx_word' id='word_1_286' title='bbox 810 4113 876 4171; x_wconf 84' lang='lat' dir='ltr'>pag.</span> <span class='ocrx_word' id='word_1_287' title='bbox 896 4095 935 4154; x_wconf 81' lang='lat'>40</span> <span class='ocrx_word' id='word_1_288' title='bbox 955 4096 1131 4155; x_wconf 82' lang='lat' dir='ltr'>satisfaciunt</span> <span class='ocrx_word' id='word_1_289' title='bbox 1149 4098 1198 4157; x_wconf 90' lang='lat' dir='ltr'>sed</span> <span class='ocrx_word' id='word_1_290' title='bbox 1215 4114 1315 4157; x_wconf 90' lang='lat' dir='ltr'>nomen</span> <span class='ocrx_word' id='word_1_291' title='bbox 1335 4098 1471 4156; x_wconf 88' lang='lat' dir='ltr'>Thoantis</span> <span class='ocrx_word' id='word_1_292' title='bbox 1491 4117 1511 4157; x_wconf 87' lang='lat' dir='ltr'>a</span> 
     </span>
     <span class='ocr_line' id='line_1_33' title="bbox 323 4204 1511 4281; baseline -0.003 -17"><span class='ocrx_word' id='word_1_293' title='bbox 323 4206 374 4259; x_wconf 73' lang='lat' dir='ltr'>stu</span> <span class='ocrx_word' id='word_1_294' title='bbox 395 4206 548 4265; x_wconf 86' lang='lat' dir='ltr'>derivatum</span> <span class='ocrx_word' id='word_1_295' title='bbox 567 4208 655 4266; x_wconf 90' lang='lat' dir='ltr'>multo</span> <span class='ocrx_word' id='word_1_296' title='bbox 671 4210 734 4281; x_wconf 87' lang='lat' dir='ltr'>post</span> <span class='ocrx_word' id='word_1_297' title='bbox 743 4205 1005 4281; x_wconf 84' lang='lat' dir='ltr'>mythographorum</span> <span class='ocrx_word' id='word_1_298' title='bbox 1015 4204 1164 4263; x_wconf 78' lang='lat' dir='ltr'>mendaciis</span> <span class='ocrx_word' id='word_1_299' title='bbox 1174 4222 1237 4264; x_wconf 89' lang='lat' dir='ltr'>curn</span> <span class='ocrx_word' id='word_1_300' title='bbox 1247 4205 1382 4264; x_wconf 85' lang='lat' dir='ltr'>Bacchico</span> <span class='ocrx_word' id='word_1_301' title='bbox 1393 4207 1511 4275; x_wconf 68' lang='grc' dir='ltr'>θοάζειν</span> 
     </span>
     <span class='ocr_line' id='line_1_34' title="bbox 321 4296 994 4387; baseline 0 -14"><span class='ocrx_word' id='word_1_302' title='bbox 321 4312 497 4373; x_wconf 87' lang='lat' dir='ltr'>coniunctum</span> <span class='ocrx_word' id='word_1_303' title='bbox 519 4329 578 4373; x_wconf 89' lang='lat' dir='ltr'>esse</span> <span class='ocrx_word' id='word_1_304' title='bbox 598 4317 672 4387; x_wconf 88' lang='lat' dir='ltr'>puto.</span> <span class='ocrx_word' id='word_1_305' title='bbox 990 4296 994 4308; x_wconf 58' lang='lat'><strong>¹</strong></span> 
     </span>
    </p>
   </div>
   <div class='ocr_carea' id='block_1_8' title="bbox 0 0 1659 5067">
    <p class='ocr_par' dir='ltr' id='par_1_10' title="bbox 0 0 1659 5067">
     <span class='ocr_line' id='line_1_35' title="bbox 0 0 1659 5067; baseline 0 0"><span class='ocrx_word' id='word_1_306' title='bbox 0 0 1659 5067; x_wconf 95' lang='lat' dir='ltr'> </span> 
     </span>
    </p>
   </div>
  </div>
 </body>
</html>
