3300 5067
894 440 938 529 48

322 710 327 719 ,
373 634 483 701 meas
507 638 623 701 autem
649 635 854 721 „Taurorum
869 636 960 703 locos
977 636 1178 719 delubraque
1196 652 1299 703 saeva
1317 632 1446 701 Dianae
1457 631 1520 699 ad·

329 756 446 826 venit’
471 756 559 843 (Val.
582 758 602 823 2
627 775 636 824 ε
660 757 759 845 301),
790 761 848 828 ubi
877 761 939 827 dea
959 776 1040 828 eum
1060 777 1139 827 arae
1160 765 1320 827 cruentae
1342 756 1517 843 praefecit.

330 883 444 967 Pergit
477 880 649 949 Valerius:
685 900 798 967 ,mora
830 901 893 951 neo
922 886 1024 951 terris
1051 885 1114 951 tibi
1136 884 1234 968 longa
1255 882 1422 958 cruentis,
1445 881 1519 947 iam

331 1011 367 1072 te
388 1005 454 1073 ciet
475 1004 565 1073 altus
587 1008 631 1073 ab
653 1006 741 1073 Alba
762 1006 913 1093 Iuppiter
935 1013 972 1075 et
993 1009 1054 1075 soli
1075 1025 1142 1075 non
1165 1007 1262 1074 mitis
1290 1006 1405 1073 Aricia
1422 1000 1518 1086 regi’'
1605 1004 1606 1026 ¹

324 1130 544 1213 (eoa-305).
578 1130 716 1199 Orestes
749 1133 843 1201 enim
875 1134 911 1200 et
931 1132 1139 1216 Hippolytus
1159 1129 1328 1215 imprimis
1349 1130 1399 1207 ct,
1413 1128 1516 1211 Verg.
1605 1183 1606 1212 ,

331 1255 417 1321 Aen.
432 1257 450 1321 'i
464 1273 472 1320 :
486 1256 568 1333 761,
582 1255 682 1323 Paus.
695 1255 731 1323 in
742 1255 966 1325 Corinthiacis
976 1274 995 1323 o
1006 1258 1049 1324 27
1060 1275 1094 1341 p.
1105 1257 1182 1340 280,
1195 1256 1256 1323 Ov.
1267 1254 1396 1321 Fasti3
1409 1272 1418 1318 :
1432 1251 1518 1325 263,

332 1380 353 1445 6
373 1401 381 1441 :
404 1380 487 1458 731,
512 1380 552 1445 15
565 1397 574 1445 :
589 1381 653 1446 497
677 1379 835 1447 dicuntm
855 1381 1000 1449 Dianam
1020 1381 1195 1449 taurinam
1217 1381 1253 1447 in
1275 1378 1410 1446 Italiam
1427 1380 1518 1442 tran·

331 1503 480 1570 stulisse.
504 1501 712 1591 Hippolytus
734 1522 866 1588 nempe,
879 1504 999 1573 Thesei
1008 1506 1109 1587 filius
1119 1506 1204 1573 dolis
1213 1502 1519 1582 novercaeapatre

331 1627 450 1711 pulsos
483 1629 520 1692 et
552 1628 595 1693 ab
629 1627 725 1709 equis
761 1629 988 1696 consternatis
1024 1645 1125 1695 curru
1157 1628 1310 1695 deiectus
1342 1625 1520 1691 interierat

333 1748 394 1817 sed
416 1751 458 1816 ab
480 1750 682 1833 Aesculapio
703 1752 737 1818 in
760 1753 870 1819 vitam
892 1756 1071 1820 revocatus
1089 1752 1195 1821 noluit
1213 1747 1519 1832 inpetrisdomum

333 1874 441 1941 redire
463 1874 524 1942 sed
545 1874 696 1941 Ariciam
719 1877 916 1960 emigravit,
938 1878 996 1943 ubi
1018 1876 1184 1959 templum
1201 1874 1329 1941 Dianae
1345 1870 1518 1947 erexit‚in

334 1997 430 2065 ornus
451 2014 589 2066 nemore
609 2000 794 2067 certamina
812 2001 964 2069 instituit
981 2017 1156 2067 servorum
1178 1999 1398 2082 fugitivorum
1409 1998 1519 2077 singu·

335 2122 417 2189 laria
439 2140 600 2205 eumque,
622 2124 680 2204 qui
702 2118 853 2207 superior
874 2125 1103 2207 discessisset,
1124 2124 1333 2191 sacerdotem
1351 2127 1389 2189 et
1405 2136 1518 2203 regem

335 2264 412 2315 esse
444 2246 568 2323 voluit,
602 2246 706 2313 donec
737 2248 780 2313 ab
813 2246 880 2315 alio
912 2248 1112 2316 vinceretur.
1146 2247 1272 2330 Diana,
1306 2248 1406 2313 cuius
1436 2250 1519 2313 tem·

336 2372 430 2455 plum
451 2370 487 2435 in
509 2370 682 2437 Aventino
715 2374 806 2446 erat,
836 2370 925 2453 apud
953 2371 1086 2454 plebem
1115 2370 1317 2453 praesentm
1338 2370 1374 2435 in
1396 2371 1518 2437 honore

337 2500 420 2565 erat.
455 2497 565 2563 Facile
586 2496 806 2580 intelligimus
829 2496 973 2565 Dianam
994 2497 1145 2580 Ariciae,
1167 2498 1381 2579 perveterem
1404 2495 1516 2567 deam,
1604 2507 1605 2531 ¹

337 2637 414 2687 esse
436 2621 673 2688 remotissimis
695 2621 903 2705 temporibus
924 2622 1061 2703 cultam,
1083 2638 1162 2687 oum
1179 2621 1333 2687 homines
1351 2619 1418 2685 diis
1437 2633 1519 2685 mac

336 2748 494 2811 terantur
526 2747 562 2811 et
594 2746 647 2811 vie
680 2745 827 2813 fortioris
860 2746 1008 2824 valeret,
1048 2761 1190 2826 eamque
1224 2743 1309 2809 nihil
1341 2755 1517 2812 commune

338 2870 460 2935 habere
493 2884 571 2935 oum
606 2866 715 2935 Diana
748 2868 888 2935 Taurica
921 2869 987 2935 nisi
1023 2867 1186 2935 instituta
1219 2870 1256 2933 et
1285 2882 1422 2933 nomen.
1456 2862 1518 2931 Sed

301 3032 306 3043 ·
339 2994 501 3077 perspicio
530 2989 746 3058 Valerianam
776 2992 959 3059 rationem!
997 2992 1271 3074 Argonautarum
1291 2992 1358 3057 iter
1379 2992 1519 3072 scriptor

339 3117 430 3183 tanti
460 3116 674 3183 existimavit
701 3122 741 3184 ut
775 3134 851 3183 eam
872 3118 979 3185 totins
1001 3120 1208 3183 mercaturae
1230 3116 1393 3197 originem
1415 3114 1517 3179 fnisse

339 3239 478 3309 finxerit
500 3242 537 3305 et
561 3242 600 3305 ut
625 3239 751 3321 regioni
769 3240 859 3306 orbis
880 3245 1048 3307 terrarum
1066 3238 1278 3305 dominatrici
1293 3238 1409 3305 honori
1421 3233 1518 3303 fuerit

340 3366 420 3448 dea,
443 3364 538 3429 cuins
562 3362 716 3429 sacerdos
738 3380 782 3429 ex
804 3363 914 3431 insula
936 3363 1082 3445 quadam
1092 3379 1158 3443 quo
1169 3363 1386 3443 Argonautae
1397 3371 1517 3427 navem

340 3488 547 3573 appulerint,
570 3487 613 3553 ad
635 3504 711 3553 earn
733 3487 935 3569 confugerit!
1079 3540 1082 3543 .

386 3614 437 3681 Re
469 3612 572 3679 altius
604 3610 694 3679 iusto
723 3612 868 3693 repetita
895 3613 973 3693 post
999 3613 1054 3677 tot
1083 3608 1341 3676 innumerabiles
1362 3609 1517 3690 ambages

341 3736 480 3803 tandem
509 3735 664 3803 Valerius
689 3751 824 3801 narrare
846 3734 957 3817 coepit
978 3749 1063 3815 quae
1083 3734 1162 3815 post
1184 3732 1458 3813 Argonautarum
1478 3722 1517 3790 ad

343 3862 510 3929 Lemnum
540 3860 727 3927 adventum
757 3863 853 3941 gesta
884 3859 964 3925 sint.
986 3856 1104 3923 Denuo
1126 3872 1249 3938 magna
1271 3857 1306 3920 et
1329 3855 1437 3922 multa
1457 3849 1516 3915 dis·

343 3984 484 4053 orimina
516 3984 606 4049 inter
641 3982 812 4050 Valerium
846 3987 883 4049 et
915 3980 1130 4064 Apollonium
1163 3979 1366 4046 invenimus.
1401 3972 1517 4045 Omisit

334 4106 499 4175 -Valerius
535 4108 714 4175 mulierum
747 4112 910 4174 terrorem
944 4103 1023 4191 (Ap
1058 4104 1163 4170 Rhod.
1199 4104 1289 4188 636),
1321 4120 1364 4169 ne
1389 4102 1515 4169 -naucae

344 4233 489 4319 Thraces
519 4235 636 4299 essent
665 4230 811 4297 insulam
840 4230 947 4295 classe
968 4229 1094 4294 infesta
1115 4230 1281 4309 petentes.
1308 4223 1515 4310 Argonautas
