3300 5067
756 465 799 532 87

320 660 390 726 lilia
412 676 472 742 per
494 677 616 737 vernos
637 661 753 728 lucens
777 661 872 728 velut
895 661 969 726 alba
991 660 1116 732 colores

322 785 514 867 praecipue,
538 785 615 866 quis
636 785 709 851 vita
730 784 843 851 brevis
866 788 1026 865 totusque
1048 800 1227 866 parumper
1292 847 1295 855 ,

321 909 419 982 16161
441 909 546 976 honor
567 908 671 974 fuscis
693 912 729 975 61
750 908 820 977 iam
839 909 945 974 notus
967 908 1126 976 imminet
1148 908 1221 974 alis.

198 1087 202 1094 .
231 1031 307 1099 Non
329 1033 398 1098 iam
419 1035 553 1098 attento
575 1037 611 1098 et
636 1032 738 1098 alacri
759 1031 874 1098 animo
892 1048 1074 1114 possumus
1094 1033 1374 1099 observareamo·

185 1171 262 1220 rem
283 1156 424 1238 virginis
445 1156 555 1237 primo
577 1159 791 1238 nascentem,
815 1155 934 1221 deinde
953 1155 1066 1223 omnia
1083 1158 1273 1223 tentantem
1293 1155 1374 1220 diris

53 1279 58 1294 '
186 1284 224 1347 61
246 1279 396 1348 sinistris
417 1284 537 1363 poetae
559 1279 667 1364 ipsius
689 1259 859 1353 vatioiniis
883 1279 1134 1348 adumbratum.
1156 1277 1209 1366 (61.
1235 1280 1256 1345 4
1278 1299 1288 1342 t
1315 1279 1372 1354 13,

187 1404 208 1468 5
234 1426 243 1468 ε
267 1403 508 1471 335-340011
532 1405 615 1488 220,
641 1405 661 1469 5
687 1425 696 1469 ε
721 1405 786 1470 586
809 1407 846 1470 61
869 1403 959 1488 606.)
983 1404 1170 1470 rao-506.
1197 1461 1202 1472 ⁴.

232 1524 316 1592 Iuno
348 1527 432 1593 nihil
460 1527 527 1594 nisi
557 1528 640 1595 dolis
662 1533 699 1595 et
719 1528 848 1594 astutia
872 1545 951 1611 usa,
974 1527 1119 1612 pueliam
1143 1543 1259 1593 secum
1281 1525 1373 1594 ducit

186 1649 225 1715 in
257 1652 408 1728 moenia,
443 1653 500 1718 ubi
532 1651 649 1726 Medea
670 1650 840 1735 16611666,
872 1652 953 1719 dum
975 1653 1070 1719 varia
1092 1651 1168 1719 belli
1189 1651 1373 1717 certamina

185 1774 327 1858 aspicit,
356 1793 451 1842 aoros
477 1777 590 1842 oculos
613 1779 649 1842 61
672 1793 789 1842 omnes
813 1793 935 1844 sensus
958 1777 1197 1858 tenentemque
1220 1775 1372 1842 animum

187 1899 225 1964 in
245 1897 401 1966 Iasonem
423 1900 545 1983 refert,
568 1900 665 1967 cuius
687 1900 798 1966 virtus
820 1900 911 1967 inter
933 1917 1051 1966 omnes
1070 1900 1372 1980 emicatquemque

187 2023 317 2089 servari
350 2023 485 2090 Medeae
518 2023 623 2106 pluris
648 2024 791 2099 interest
812 2041 917 2105 quam
939 2023 1080 2090 fratrem
1103 2024 1296 2106 Absyrtum
1319 2021 1373 2086 vel
1471 1996 1472 1999 Ἴ

186 2152 328 2230 pactum
350 2148 533 2230 coniugem.
557 2147 661 2228 Virgo
682 2163 796 2212 amore
818 2147 889 2212 iam
911 2146 1062 2228 perculsa
1086 2145 1194 2228 magis
1213 2146 1374 2212 incitatur

188 2270 306 2338 callido
329 2261 471 2352 alloquio
493 2271 630 2338 Iunonis
653 2271 822 2352 monentis
841 2270 882 2336 de
899 2269 1009 2337 reditu
1024 2269 1154 2337 Iasonis
1165 2268 1201 2335 in
1212 2270 1371 2353 patriam,

187 2397 256 2480 ita,
279 2398 319 2463 ut
340 2399 414 2462 tota
437 2395 472 2460 in
495 2394 550 2461 illo
573 2412 675 2475 quam
694 2394 843 2460 maxime
862 2393 994 2460 fruatur
1012 2395 1090 2460 visu
1110 2393 1220 2460 herois
1238 2393 1372 2460 audacis

187 2521 223 2585 et
248 2520 304 2606 „in
326 2535 457 2585 ommes
479 2518 589 2600 partis
611 2515 776 2584 furentis''
802 2518 844 2584 61.
867 2518 933 2583 613
957 2534 1026 2600 seq.
1050 2587 1053 2592 ,

321 2642 464 2709 stabulis
487 2642 596 2724 qualis
619 2642 670 2708 leo
692 2640 805 2708 saevit
827 2641 949 2724 opimis
1193 2715 1198 2728 ἱ

203 2839 207 2846 ,
230 2765 409 2832 luxurians
431 2766 625 2848 spargitque
647 2765 775 2831 famem
797 2767 977 2846 mutatque
999 2781 1133 2832 cruores
1158 2762 1370 2850 (ola—620).

232 2890 381 2956 Plurima
403 2890 532 2958 Iasonis
554 2891 703 2972 egregrie
721 2890 813 2956 facta
834 2890 1062 2972 contemplata
1073 2891 1168 2972 virgo
1178 2891 1247 2956 iam
1259 2892 1372 2958 minus

184 3013 335 3096 castigat
355 3031 416 3096 pro
438 3015 547 3081 herois
570 3014 681 3081 salute
704 3021 818 3081 metus
841 3019 878 3080 et
900 3031 1007 3095 »6666
1029 3013 1091 3080 alit
1112 3015 1217 3081 insola
1235 3013 1371 3081 ouras'':

188 3139 323 3205 dubitat
352 3156 395 3204 an
426 3155 493 3206 non
523 3139 570 3204 sit
600 3137 657 3204 illa
678 3155 771 3206 soror
792 3155 855 3204 neo
876 3138 980 3205 audet
1002 3137 1134 3204 credere
1157 3139 1274 3206 vultus
1297 3155 1372 3206 esse

188 3263 292 3330 falsos
314 3268 350 3330 et
372 3281 490 3330 rursus
512 3264 547 3330 in
566 3263 688 3331 eadem
710 3264 831 3346 gaudia
854 3265 988 3331 labitur.
1012 3263 1098 3329 Tum
1118 3264 1254 3330 monilia
1273 3263 1371 3328 divae

187 3392 305 3471 erepta
336 3391 373 3454 61
407 3404 512 3454 manu
539 3390 750 3454 contrectata
779 3387 862 3456 66116
892 3389 988 3472 virgo
1010 3391 1125 3473 aptat,
1148 3389 1268 3470 quibus
1291 3403 1371 3453 mox

187 3511 320 3594 ingenti
340 3527 454 3578 amore
476 3510 676 3578 incenditur.
698 3511 763 3578 Sed
785 3512 870 3578 Iuno
892 3514 1068 3595 rogantem
1091 3529 1174 3578 num
1196 3514 1292 3594 pater
1303 3510 1372 3576 vel·

186 3636 242 3702 lus
264 3635 469 3718 promissum
492 3635 626 3718 hospiti,
650 3637 707 3718 qui
729 3638 837 3704 tantis
860 3637 1015 3720 periculis
1028 3654 1066 3704 se
1078 3636 1371 3716 obiciat,datu1us

187 3760 253 3840 611,
277 3759 388 3825 medio
409 3759 444 3824 in
467 3775 621 3826 sermone
643 3761 803 3843 relinquit
821 3763 894 3830 voti
906 3779 1051 3845 compos.
1075 3761 1184 3842 Quam
1195 3761 1372 3844 digressio·

187 3898 269 3949 nem
302 3881 437 3949 laudare
471 3899 537 3949 non
571 3900 719 3967 possum.
753 3884 827 3952 Non
859 3885 1040 3952 verisimile
1068 3888 1123 3951 661
1146 3885 1371 3950 ethumanae

186 4008 330 4072 naturae
351 4006 530 4088 impugnat
553 4007 718 4088 virginem
739 4025 854 4074 amore
876 4010 908 4074 in
934 4009 1046 4074 vimm
1068 4013 1148 4074 ante
1167 4008 1280 4074 oeulos
1292 4025 1372 4090 pug-

188 4135 334 4206 nentem.
351 4133 486 4211 captam
508 4131 644 4208 monilia
666 4136 703 4198 et
725 4136 923 4200 ornamenta
940 4131 1114 4211 muliebria
1126 4148 1251 4199 curare.
1271 4130 1372 4214 Quae·

187 4254 331 4320 rendum
353 4257 527 4335 praeterea
549 4258 621 4339 est,
644 4272 746 4338 quare
759 4257 883 4348 regina
905 4255 1042 4322 deorum
1065 4255 1119 4321 his
1141 4255 1371 4322 nefariisdolis
