3300 5067
772 534 815 601 23

202 728 311 811 priore
330 727 382 794 die
405 728 535 795 factum
552 744 628 795 esse
646 726 809 814 nanavit)
830 726 1068 810 profectionem
1079 727 1190 809 ipsam
1200 727 1285 794 atris
1295 728 1384 794 curis

201 851 371 953 turbidam
391 851 580 918 adumbrat.
596 851 686 917 Nihil
702 852 746 918 de
762 851 887 918 faustis
897 852 1082 934 ominibus,
1105 850 1188 917 nihil
1199 850 1239 917 de
1250 854 1384 933 sperato

201 976 313 1042 reditu
331 976 425 1041 salvo
443 975 617 1058 audimuS,
639 992 747 1057 neque
765 973 876 1042 ullum·
891 978 1106 1041 constantem
1116 979 1154 1041 et
1164 974 1287 1041 fortem
1298 992 1384 1042 esse.

200 1098 1384 1182 AdvolatAcastushortensiaculisIasonisdolisinductnsregisfiiius

199 1227 297 1311 Tum,
309 1226 389 1293 fune
401 1226 510 1292 securi
521 1224 652 1291 ardenti
663 1224 821 1307 abscissa,
834 1224 926 1307 Argo
937 1240 1030 1289 mare
1040 1224 1150 1290 altum
1158 1225 1384 1308 petitfligiens

200 1354 238 1417 et
258 1350 348 1418 furto
370 1351 473 1419 anxia
496 1350 595 1435 (quod
614 1348 767 1416 Valerius
786 1366 868 1415 sane
880 1350 1018 1433 pidchra
1029 1349 1286 1433 comparatione,
1298 1367 1384 1431 quae

200 1475 367 1559 sequitur,
379 1476 669 1558 demonstrat),ut
679 1474 800 1541 catulis
812 1473 943 1556 tigridis
955 1474 1062 1556 raptis
1073 1474 1215 1539 venator
1225 1474 1385 1541 anhelan-

200 1602 273 1665 tem
291 1616 414 1681 equum
433 1600 466 1665 in
476 1615 646 1665 summam
657 1598 872 1684 velocitatem
884 1599 1040 1680 concitat,
1051 1596 1385 1681 utsilvameffugiat.

199 1723 326 1791 Iuvene
342 1724 458 1791 callide
470 1726 603 1805 arrepto
617 1722 762 1807 primam
773 1723 921 1788 carinam
931 1721 1014 1788 furti
1026 1722 1194 1787 consciam
1206 1721 1265 1786 sed
1277 1723 1383 1788 maria

199 1851 393 1931 aperturam
404 1847 628 1929 Graeciaeque
640 1844 818 1929 navigandi
830 1844 982 1911 studium
994 1849 1179 1925 moturum,
1193 1861 1259 1925 quo
1269 1844 1384 1911 divina

199 1971 258 2038 ilia
278 1972 369 2055 regio
391 1971 595 2038 humanitati
617 1961 683 2053 per'
699 1970 811 2036 omnia
822 1970 955 2035 saecula
965 1968 1132 2035 libertatis
1143 1970 1336 2050 exemplum
1348 1976 1383 2037 et

199 2096 351 2162 omnium
374 2096 536 2162 bonarum
558 2095 684 2161 artium
707 2094 870 2175 magistra
895 2093 977 2176 fuit,
1001 2092 1157 2159 Valerius
1178 2096 1296 2159 auctor
1317 2098 1382 2159 est.

244 2219 420 2286 Hactenus
439 2220 479 2286 de
495 2218 669 2301 Apollonio
679 2217 806 2283 Rhodio
817 2221 854 2283 et
865 2215 999 2283 Valerio
1010 2217 1126 2305 Flacco
1137 2217 1383 2297 comparatione

198 2344 361 2409 instituta
380 2343 538 2409 diximus,
562 2342 654 2423 Quae
672 2345 861 2422 sequuntur
879 2358 986 2422 usque
1008 2341 1051 2408 ad
1073 2340 1176 2406 finem
1198 2341 1272 2407 libri
1283 2341 1383 2424 primi

197 2464 353 2534 Valerius
376 2467 467 2533 solus
489 2466 653 2548 narravit,
678 2464 790 2532 omnia
811 2482 898 2546 quae
920 2466 964 2531 ad
981 2465 1105 2543 Pelian,
1126 2465 1290 2549 moenem,
1315 2464 1382 2531 Me·

198 2592 297 2657 deam
320 2592 549 2674 pertinebant,
569 2593 786 2656 tractatarus.

245 2713 284 2780 In
316 2714 483 2797 Apollonii
517 2714 637 2780 Rhodii
662 2716 810 2781 carmine
839 2715 970 2781 nullum
1000 2715 1160 2781 indicium
1189 2716 1382 2782 invenimus

199 2841 293 2921 Argo
314 2838 419 2904 tuisse
437 2838 582 2921 primam
601 2854 733 2920 navem,
754 2856 841 2920 quae
857 2856 1037 2921 aequoreas
1057 2840 1165 2905 undas
1183 2839 1327 2905 secuerit
1341 2841 1382 2917 1).

195 2962 251 3028 ’Νθ
273 2962 290 3027 I
309 2981 317 3028 τ
342 2965 406 3029 547
435 2962 571 3044 quidem
593 2959 723 3047 (adurae
745 2960 930 3044 δὀὐροοοόθεο
953 2966 1076 3027 λεῦσσον
1098 2961 1164 3028 θεοὶ
1184 2963 1282 3039 ἤματι
1300 2960 1383 3044 κείνῳ

199 3078 256 3160 'uia
278 3084 331 3150 κοοὶ
354 3083 481 3162 auidior
503 3086 612 3168 ἀνδρῶν
634 3085 742 3165 μένος,
767 3084 792 3151 οἳ
814 3086 878 3151 τότ’
903 3086 1018 3169 ἄριστοι
1041 3089 1146 3154 πόντον
1164 3088 1382 3175 ἐπιπλώεσκον)

199 3212 262 3277 hoo
273 3211 503 3294 indicatpoeta
515 3213 667 3280 —robur
678 3188 768 3278 enirn
780 3212 939 3279 Graeciae
952 3212 1004 3279 Dii
1015 3215 1235 3281 admiratione
1246 3218 1383 3280 tantum

199 3334 385 3416 aspiciunt,
404 3349 466 3399 nec
482 3349 549 3399 uno
562 3335 662 3400 verbo
673 3334 826 3417 designat
838 3336 900 3401 hoc
911 3336 980 3402 loco
990 3341 1090 3419 poeta
1101 3339 1246 3421 primam
1258 3354 1382 3403 navem

200 3476 277 3526 esse
287 3458 481 3541 profectam.
499 3497 543 3506 —
562 3459 632 3525 Noc
650 3459 687 3525 I:
707 3460 771 3526 723
792 3459 845 3533 τὴν
863 3460 889 3524 οἱ
906 3458 1039 3524 ὄπασσεν
1058 3460 1190 3534 Πολλὰς
1205 3458 1255 3524 ὅτε
1269 3464 1382 3541 πρῶτον

200 3578 345 3663 δρυόχους
365 3579 561 3659 ἐπεβάλλετο
585 3582 648 3656 νηὸς
667 3584 813 3663 Ἀργοῦς,
827 3587 883 3652 uui
895 3582 945 3648 ὅτε
957 3588 1071 3665 πρῶτον
1083 3586 1248 3669 significat
1263 3586 1382 3672 „simul

200 3703 273 3775 ac”.
303 3706 374 3789 Quo
396 3707 466 3775 loco
490 3709 719 3792 manuscripta
741 3710 775 3776 in
798 3709 911 3776 verbis
938 3706 988 3772 ὅτε
1012 3711 1125 3789 πρῶτον
1147 3711 1235 3775 inter
1256 3726 1294 3775 se
1315 3726 1380 3776 non

199 3831 369 3899 diffenmt.
400 3830 487 3899 Nam
517 3829 568 3897 ὅτε
590 3836 704 3912 πρῶτος
727 3834 932 3915 significaret
954 3834 1085 3915 Argum
1108 3834 1256 3916 primum
1277 3833 1382 3899 fuisse

200 3958 465 4024 constructorem
476 3958 625 4026 navium.
638 3959 707 4025 Nec
718 3974 838 4025 versus
846 3957 904 4023 111.
914 3958 1184 4024 ado-arenam
1192 3957 1381 4041 opinionem

200 4080 415 4147 confirmant.

241 4248 272 4320 1)
300 4248 359 4307 Nec
378 4248 579 4321 Appollodorus
610 4250 640 4309 in
672 4252 746 4311 Bibl.
779 4250 955 4309 1:9216
977 4251 1024 4310 :6
1055 4250 1139 4308 huius
1168 4251 1203 4308 ab
1223 4249 1384 4323 argumento

196 4327 306 4386 alienae
326 4328 366 4386 rei
386 4329 552 4389 mentionem
573 4330 649 4389 facit.
