3300 5067
691 518 712 583 9
785 584 788 591 .

108 710 283 777 Euxinum
317 714 392 777 tum
425 714 579 795 ignotum
613 715 650 779 et
683 712 906 793 periculosum
942 700 983 777 de
1018 687 1294 793 Argonautarum

106 833 230 901 itinere
261 837 488 902 narrationem
513 838 599 903 satis
632 854 790 902 arcanam
824 838 860 903 et
882 836 1048 903 occultam
1070 834 1232 902 reddebat
1252 838 1293 901 ut

108 956 272 1025 miracula
304 965 341 1025 et
369 965 522 1026 monstra
544 960 621 1026 addi
642 963 781 1042 possent
803 965 840 1027 et
862 975 983 1025 corona
1005 957 1149 1024 intentis
1171 958 1295 1024 animis
1394 936 1400 950 ’

107 1098 227 1149 aurem
248 1084 297 1149 roi
320 1100 427 1151 novae
451 1089 487 1151 et
509 1084 680 1151 inauditae
698 1084 882 1165 praeberet.
894 1082 977 1149 Post
987 1086 1105 1148 autem
1115 1080 1295 1147 Homerica

107 1210 264 1289 tempora
286 1224 364 1273 cum
383 1225 474 1273 mare
493 1207 664 1274 Euxinum
683 1208 792 1289 magis
803 1208 960 1289 peterent
971 1205 1090 1272 Graeci
1101 1204 1294 1286 multasque

106 1330 255 1396 colonias
285 1335 336 1407 (ut
358 1330 503 1415 Sinopen
527 1348 616 1398 anno
640 1332 715 1410 740)
739 1330 958 1411 deducerent,
982 1329 1171 1410 regionem,
1193 1344 1296 1409 quam

107 1454 326 1535 Argonautae
348 1454 543 1521 dicebantur
561 1455 698 1537 adiisse,
712 1454 831 1521 eadem
842 1454 973 1520 ratione
983 1454 1115 1535 longius
1125 1457 1295 1519 remotum

108 1578 242 1644 itineris
264 1578 450 1645 terminum
472 1580 578 1646 fuisse
603 1578 635 1666 1)
659 1581 849 1659 finxerrmt,
873 1595 982 1659 neque
1005 1578 1144 1643 rediisse
1170 1580 1295 1642 nautas

107 1718 169 1783 per
201 1702 304 1769 Asiae
334 1703 474 1769 flumina
508 1708 544 1769 et
574 1704 728 1785 regiones
763 1703 823 1769 sed
853 1718 914 1785 per
943 1679 1165 1784 inhospitales
1185 1704 1294 1767 terras

109 1825 408 1911 septentrionales,
432 1829 471 1893 ut
491 1828 687 1910 Timagetus
705 1831 857 1893 narravit
868 1828 933 1893 iter
945 1826 1068 1891 fecisse
1079 1826 1296 1907 Argonautas

109 1967 170 2032 per
192 1950 352 2017 celticam
376 1956 412 2018 et
435 1969 528 2018 mare
540 1952 750 2035 Tyrrhenum
761 1948 881 2037 (Schol.
896 1953 917 2016 4
932 1971 940 2014 ι
954 1946 1043 2033 259),
1067 1966 1168 2031 quem
1181 1948 1292 2013 Tima-

111 2078 231 2156 getum
242 2073 440 2157 Apollonius
452 2092 575 2159 magna
586 2078 681 2157 parte
693 2080 832 2142 secutus
843 2076 909 2151 est,
920 2074 1008 2155 quod
1019 2073 1148 2138 attinet
1159 2073 1296 2139 tantum

109 2197 153 2262 ad
176 2197 331 2265 reditum.
356 2198 579 2265 Mimnermus
600 2200 636 2265 in
647 2198 762 2281 elegiis
773 2197 1021 2280 quasNannoni
1034 2196 1294 2277 dicavitArgo
1335 2270 1338 2277 ¹

29 2334 32 2341 ·
109 2324 293 2387 nautarum
334 2323 399 2388 iter
442 2322 577 2405 quidem
619 2321 913 2404 commemoravit,
956 2336 1064 2401 neque
1106 2317 1297 2385 Colchidem

109 2445 306 2512 nominavit
343 2444 387 2531 2).
426 2444 588 2512 Pindarus
626 2450 743 2512 autem
775 2445 905 2529 primus
938 2444 1116 2510 materiem
1150 2442 1297 2522 undique

73 2633 75 2637 ,
110 2568 299 2651 dispersam
321 2575 357 2636 et
378 2571 603 2637 fluctuantem
621 2571 656 2636 in
672 2586 795 2636 novam
813 2569 958 2635 formam
977 2567 1061 2633 oden
1074 2566 1235 2648 Pythiam
1246 2565 1296 2631 IV

112 2692 259 2773 redegit,
283 2694 341 2775 qui
364 2694 563 2771 etiamtum,
588 2697 629 2761 ut
646 2693 830 2771 Hesiodus,
852 2694 1071 2774 Argonautas
1095 2707 1155 2772 per
1175 2690 1297 2755 Asiam

111 2819 149 2880 et
171 2832 265 2883 mare
288 2817 516 2899 Erythraeum
546 2818 685 2885 rediisse
707 2821 840 2900 narrat,
865 2816 966 2897 inque
989 2830 1028 2881 eo
1046 2813 1155 2880 reditu
1176 2812 1296 2879 Lemni

112 2944 262 3005 moratos
291 2958 375 3008 esse.
400 2940 560 3008 Eumelus
583 2940 775 3007 Corinthius
793 2940 829 3006 in
840 2936 973 3021 Κορινθίᾳ
984 2939 1153 3017 συγγραφῇ
1166 2937 1297 3018 primus

112 3063 301 3130 Colchidem
323 3065 453 3131 itineris
477 3066 660 3131 terminum
683 3066 788 3131 fuisse
811 3064 945 3129 statuit.

158 3186 286 3267 Tragici
336 3205 468 3270 quoque
514 3190 666 3255 diversas
710 3188 842 3254 fabulae
888 3192 1003 3269 partes
1044 3189 1296 3252 tractaverunt:

111 3311 305 3393 Aeschylus
326 3312 362 3377 in
381 3311 532 3377 dramate
543 3312 689 3394 satyrico
700 3310 801 3391 Ἀργὼ
814 3308 830 3384 ἢ
842 3306 1018 3373 retractat
1028 3308 1136 3391 (Dind.
1149 3327 1181 3391 p.
1198 3308 1296 3395 101);

112 3436 319 3521 Hypsipyle,
342 3436 490 3518 Phineo,
516 3434 663 3519 Cabiris,
687 3436 855 3518 Lemniis,
874 3436 967 3502 Circe
977 3433 1110 3520 (drama
1121 3439 1186 3499 sat.
1198 3433 1296 3499 Dind.

113 3578 144 3641 p.
161 3558 253 3645 107);
277 3560 455 3644 Sophocles
466 3560 501 3625 in
513 3559 678 3641 Lemniis,
692 3560 916 3642 ColchidihuS,
929 3559 1132 3635 RizotomiS,
1145 3558 1296 3640 Scythis,

113 3683 246 3766 Amyco
281 3681 407 3769 (Dram.
443 3688 507 3751 sat.
538 3684 637 3750 Dind.
672 3704 703 3767 p.
743 3683 834 3767 125);
868 3682 1042 3765 Euripides
1081 3684 1117 3747 in
1155 3682 1295 3758 Phrixo,

155 3886 185 3958 1)
213 3886 254 3945 Cf.
284 3887 317 3945 de
336 3887 465 3961 analogia
484 3888 556 3945 lnior
577 3886 803 3961 Argonautarum
823 3887 878 3946 iter
898 3886 1002 3947 sensim
1022 3886 1212 3961 paulatimque
1231 3886 1301 3944 dila·

111 3995 201 4051 tatum
229 3997 257 4053 et
284 3994 356 4051 inter
385 3994 496 4053 Aeneae
515 3993 605 4067 magis
625 3994 769 4068 magisque
789 3992 988 4067 progredientis
1008 4009 1112 4051 errores
1133 3995 1161 4051 et
1180 3992 1301 4050 variatas

111 4099 257 4157 stationes:
289 4099 430 4158 nouvelles
457 4100 635 4172 promenades
665 4098 898 4173 archtologiques·
928 4098 1035 4157 Horace
1064 4101 1093 4157 et
1112 4098 1227 4172 Virgile.
1246 4115 1299 4172 par

113 4204 216 4263 Gaston
235 4204 358 4263 Boissier
377 4204 468 4263 Paris.
490 4204 577 4264 1890.
1207 4206 1210 4210 ’

154 4308 185 4382 2)
205 4308 298 4383 Bergk
320 4308 420 4383 fragm,
443 4310 489 4367 11.
