3300 5067
900 504 945 571 30

334 698 573 779 argumentum
592 713 669 763 cum
686 698 903 779 simplicitate
920 702 957 765 et
975 701 1124 768 sanitate
1145 702 1396 771 Alexandrinus
1419 712 1521 789 poeta
1615 775 1616 804 ,

331 819 522 886 rectissime
556 821 780 905 tractaverat,
815 821 897 889 deos
929 822 1086 891 inducere
1119 841 1175 907 eo,
1211 842 1277 907 quo
1299 826 1395 907 fecit,
1419 831 1521 899 modo

332 946 490 1019 conatus,
515 945 587 1012 toto
609 945 699 1012 coelo
722 946 901 1013 aberravit.

376 1066 502 1135 Rerum
520 1074 635 1137 autem
653 1074 767 1138 status
778 1070 858 1137 talis
868 1076 941 1155 est,
954 1074 994 1138 ut
1004 1070 1088 1140 Iuno
1098 1077 1136 1140 et
1146 1074 1296 1142 Minerva
1306 1077 1521 1160 Argonautis

331 1189 488 1276 faveant,
510 1193 646 1261 llarset
657 1194 715 1263 Sol
725 1197 768 1263 iis
779 1196 947 1280 officiant,
960 1213 1102 1279 quorum
1112 1199 1379 1267 dubitationibus
1390 1204 1520 1285 spretis

331 1313 487 1400 Juppiter
508 1319 618 1387 fatum
641 1312 886 1403 perfici'iussit.
907 1320 1032 1387 Utrum
1050 1322 1098 1388 dii
1117 1322 1212 1391 Jovis
1223 1324 1363 1408 imperio
1373 1326 1518 1411 cedant,
1551 1392 1557 1399 .
1616 1333 1617 1364 l

330 1440 455 1509 anfato
466 1444 624 1511 resistere
635 1444 756 1529 velim,
769 1462 812 1511 ne
822 1460 891 1511 uno
901 1444 1037 1526 quidem
1048 1448 1150 1513 verbo
1160 1449 1318 1516 Valerius
1328 1453 1519 1517 communi·

329 1569 394 1632 cat.
419 1566 510 1648 Quae
532 1586 587 1635 res
609 1569 750 1636 maximi
771 1569 936 1637 momenti
958 1571 1084 1636 omissa
1106 1575 1226 1654 poetae
1247 1572 1453 1656 imperitiam
1476 1578 1515 1640 et

327 1690 414 1757 vitia
436 1690 556 1773 prodit.
575 1691 671 1758 Alios
692 1694 809 1759 contra
830 1691 911 1759 deos
932 1694 1101 1761 minorum
1116 1696 1285 1779 gentium,
1305 1698 1514 1779 tempestate
1617 1723 1618 1784 p

327 1813 491 1892 demissa,
511 1815 686 1883 insidiatos
703 1832 778 1883 esse
792 1818 999 1900 Argonautis
1009 1816 1089 1884 Iove
1100 1818 1209 1885 invito
1219 1819 1413 1901 apparebit,
1432 1837 1513 1886 oum

329 1934 385 2003 Sol
402 1940 439 2003 ot
457 1937 561 2022 Mars,
580 1940 616 2005 in
631 1955 715 2021 quos
726 1943 824 2008 tanta
835 1941 871 2007 vi
885 1942 1041 2007 invectus
1052 1946 1123 2025 est,
1144 1942 1247 2009 minis
1258 1943 1332 2010 eius
1343 1944 1514 2024 deterriti,

327 2076 371 2126 ne
404 2063 619 2145 Argonautas
651 2063 717 2130 ullo
750 2065 839 2131 malo
866 2064 1031 2140 alliciant,
1064 2066 1146 2133 nihil
1176 2067 1285 2133 moliri
1315 2068 1390 2135 ausi
1416 2072 1511 2135 sunt.
1617 2049 1618 2072 ³

329 2183 421 2265 Quod
443 2186 501 2253 alii
524 2204 604 2255 mox
626 2188 712 2255 Solis
735 2193 771 2255 et
793 2190 913 2255 Martis
939 2206 1077 2256 causam
1099 2190 1337 2270 defendemnt,
1356 2190 1513 2259 Valerius

327 2310 363 2375 in
384 2311 623 2392 Argonautiois
646 2314 718 2379 suis
736 2312 914 2395 utrimque
932 2312 1126 2379 auctoritati
1145 2318 1182 2379 et
1198 2314 1420 2396 perpetuitati
1439 2333 1513 2382 oar·

326 2434 429 2501 minis
439 2437 563 2503 nocuit.
581 2436 697 2519 Neque
709 2438 800 2504 enim
811 2437 908 2503 nefas
918 2436 1049 2519 sitisset,
1063 2436 1159 2503 siSol
1170 2440 1206 2502 et
1217 2438 1316 2521 Mars,
1329 2438 1510 2521 quitatum

214 2584 217 2589 ·
325 2564 479 2627 avertere
501 2578 567 2628 non
589 2565 747 2645 possent,
768 2562 881 2629 conati
903 2562 1021 2628 essent
1038 2559 1154 2627 Iovem
1175 2560 1289 2628 fallere
1307 2564 1345 2627 et
1355 2564 1510 2645 periculis

325 2701 452 2752 vexare
481 2688 614 2753 nautas.
644 2686 745 2769 Epica
767 2686 860 2753 enim
881 2684 1031 2751 carmina
1053 2684 1162 2751 multa
1182 2686 1340 2767 exempla
1362 2686 1510 2754 affemnt
1618 2715 1619 2732 κ

326 2809 423 2888 dece,
451 2810 481 2876 si
504 2810 576 2877 fato
599 2810 763 2877 obsistere
792 2812 979 2891 nequeant,
1007 2808 1118 2874 omnis
1139 2808 1231 2874 vires
1253 2810 1445 2894 intendere,
1466 2815 1509 2878 ut

325 2934 565 2999 necessitatem
587 2933 760 3000 differant:
784 2949 850 3013 qua
873 2932 1002 2998 ratione
1021 2931 1156 3014 Apollo,
1177 2929 1415 3015 Mars,Venus
1425 2936 1510 3002 nihil

325 3055 508 3133 omittunt,
530 3060 571 3123 ut
592 3058 689 3125 Troia
707 3074 810 3140 quam
821 3057 1013 3124 diutissime
1024 3058 1176 3148 maneat,
1188 3072 1250 3121 nec
1260 3054 1351 3122 Iovis
1362 3056 1510 3126 dolorem

325 3184 362 3247 et
384 3180 469 3247 iram
491 3182 592 3247 veriti
615 3182 747 3248 fortiter
768 3183 886 3249 urbem
909 3180 1082 3247 adiuvant
1107 3178 1232 3245 Eodem
1243 3179 1342 3246 modo
1352 3179 1510 3265 luppiter

324 3306 412 3389 ipse,
449 3322 652 3387 quamquam
682 3306 798 3373 Troiae
826 3306 986 3372 interitus
1015 3304 1106 3370 fixus
1128 3306 1165 3369 et
1186 3303 1349 3370 immotus
1371 3308 1506 3383 manet,

323 3429 464 3496 Achillis
483 3428 663 3495 ulciscendi
674 3446 775 3496 causa
787 3430 870 3496 sinit
880 3429 1026 3495 Graecos
1036 3426 1194 3493 Hectoris
1204 3425 1348 3507 impetui
1359 3427 1508 3510 undique

323 3554 439 3621 cedere
462 3558 498 3621 et
520 3570 682 3636 magnum
703 3554 739 3619 in
761 3553 942 3619 discrimen
959 3553 1095 3634 venire,
1113 3548 1284 3617 Venerem
1295 3550 1451 3617 Paridem
1461 3569 1508 3618 ex

323 3677 499 3746 ultricibus
530 3677 672 3744 Menelai
701 3678 857 3744 manibus
883 3692 1018 3743 servare
1041 3674 1092 3758 1),
1116 3674 1267 3755 itemque
1289 3675 1460 3759 Aeneam,
1483 3694 1507 3743 a

323 3798 456 3868 Venere
476 3801 629 3868 adiutum
653 3798 698 3883 2),
721 3802 764 3867 ab
785 3799 940 3884 Apolline
961 3816 980 3865 e
998 3798 1143 3881 periculo
1161 3797 1254 3880 eripi.
1273 3796 1507 3882 Junoquoque

321 3923 396 4005 ipsa
424 3924 598 3991 dominum
627 3941 728 3992 suum
758 3928 795 3990 et
822 3924 984 3990 maritum
1013 3922 1142 4005 gratiae
1171 3938 1255 3988 zona
1283 3922 1397 3989 fallere
1419 3941 1506 3991 ausa

323 4044 459 4114 Graecis
488 4051 665 4117 victoriam
687 4049 885 4116 conciliavit.
908 4048 948 4113 In
969 4047 1119 4130 Odyssea
1141 4046 1285 4128 legimus
1304 4045 1506 4129 Neptunum

322 4172 452 4239 invicta
480 4174 664 4255 pertinacia
690 4173 733 4240 ad
763 4173 866 4239 finem
896 4187 1004 4252 usque
1029 4171 1140 4238 furere
1161 4170 1196 4236 in
1219 4169 1365 4237 issixem'
1378 4170 1506 4239 misere

298 4288 518 4399 '‘u—ffin
538 4345 546 4382 t
566 4323 635 4384 aso.
932 4320 963 4396 a)
984 4322 1018 4382 n.
1038 4320 1071 4380 11
1091 4342 1099 4379 ι
1119 4320 1188 4380 312.
