3300 5067
760 441 938 537 ¹14

328 638 410 704 licos
432 638 578 704 concitat
599 643 640 705 ut
661 654 729 704 una
751 653 830 703 cum
851 636 1020 704 Aesonide
1045 642 1194 719 ,ventos
1211 638 1419 720 parentibus
1432 638 1528 703 inex-

329 758 475 842 pertos''
511 760 580 846 (97)
613 764 832 843 temptarent
864 760 950 826 llcce
983 776 1083 827 omne
1111 760 1271 827 Graeciae
1298 762 1407 829 robur
1440 763 1528 836 coit,

330 885 456 951 Faunis
478 885 711 967 Amnibusque
733 901 857 951 navem
879 884 1033 951 laudibus
1054 884 1302 951 extollentibus.
1325 885 1424 951 Cum
1443 885 1529 951 Iuno

330 1009 511 1076 Herculem
544 1026 674 1091 quoque
707 1012 743 1075 et
775 1026 891 1075 carum
924 1010 956 1075 ei
984 1009 1142 1075 iuvenem
1165 1007 1292 1091 Hylam
1314 1010 1349 1074 in
1376 1011 1528 1075 heroum

331 1150 471 1200 numero
504 1150 581 1203 esse
609 1134 718 1210 videt,
748 1132 942 1215 indignatur
963 1133 1134 1199 bominem
1156 1133 1220 1199 sibi
1242 1132 1528 1199 inimicissimum

331 1274 399 1325 non
432 1259 540 1325 bieme
574 1264 611 1324 et
639 1257 740 1325 undis
770 1273 870 1341 posse
901 1256 1073 1339 exstingui
1096 1273 1185 1323 nave
1206 1257 1413 1335 vehentem,
1439 1274 1526 1338 quae

331 1381 440 1463 prima
473 1382 587 1449 divina
621 1400 682 1465 ope
715 1400 775 1465 per
810 1384 917 1449 maria
959 1383 1034 1448 vias
1062 1383 1245 1448 inventura
1279 1382 1325 1448 sit
1347 1383 1525 1449 90-120.

332 1506 453 1573 Paucis
483 1507 595 1573 verbis
625 1508 762 1573 incertis
796 1511 914 1573 narrat
941 1508 1042 1589 poeta
1071 1523 1138 1587 quo
1160 1507 1258 1573 modo
1280 1523 1412 1573 navem
1436 1506 1525 1571 aedi·

331 1633 474 1699 ficarint.
497 1631 614 1697 Multis
633 1632 831 1713 ambagibus
841 1631 953 1697 varios
963 1630 1115 1712 pictmae
1126 1630 1268 1697 honores
1279 1634 1315 1695 et
1325 1634 1479 1696 ornatus
1496 1629 1523 1709 1)

333 1754 507 1836 describit,
537 1754 659 1835 quibus
692 1758 843 1839 tempore
876 1754 1104 1821 remotissime
1124 1770 1242 1820 recens
1265 1770 1348 1836 gens
1366 1755 1526 1819 hnmana

333 1878 479 1961 primam
501 1896 624 1946 navem
646 1880 861 1946 exornaverit
883 1877 1103 1963 (120-149)l

379 2002 529 2069 Mirande
562 2020 650 2069 nave
680 2003 840 2085 adspecta
868 2005 1012 2085 stupens
1039 2002 1137 2068 lason
1160 2006 1276 2069 mente
1298 2002 1412 2084 agitat
1437 2016 1522 2082 quae

335 2126 482 2206 pericula
504 2127 700 2208 parentibus
722 2126 850 2192 relictis
870 2129 907 2192 et
928 2125 1007 2191 filiis
1018 2125 1119 2191 undis
1129 2126 1294 2207 expositis
1304 2126 1523 2199 immineant,

337 2249 378 2316 de
419 2251 504 2315 bono
540 2255 667 2317 eventu
696 2251 876 2333 desperans
913 2251 1047 2317 dubitat
1080 2252 1196 2316 utrum
1218 2250 1348 2315 inultus
1370 2247 1521 2331 pericula

337 2375 458 2443 subeat
483 2391 526 2442 an
549 2374 663 2457 potius
685 2374 812 2441 Acasto
833 2378 967 2457 arrepto
989 2372 1158 2440 cmdelem
1171 2377 1365 2457 tyrannum
1389 2370 1521 2456 ingenti

336 2498 430 2565 luctu
464 2498 598 2565 afficiat
633 2498 718 2565 Ecce
751 2516 850 2565 omen
874 2515 1088 2582 prosperum,
1110 2500 1220 2581 aquila
1237 2498 1328 2565 Iovis
1348 2497 1521 2581 unguibus

336 2628 471 2706 raptem
492 2638 616 2703 agnam
638 2623 800 2705 eripiens,
823 2623 886 2689 elis
907 2638 945 2689 sc
967 2623 1072 2690 tollit:
1095 2640 1162 2704 quo
1175 2622 1249 2689 viso
1260 2625 1395 2689 erectus
1405 2620 1520 2688 animo

336 2749 433 2815 facile
463 2749 550 2831 regis
579 2749 647 2815 filio
669 2748 883 2815 iamdudum
905 2749 1027 2831 gloriae
1049 2748 1168 2830 cupido
1189 2747 1371 2827 persuadet
1393 2748 1437 2813 ut
1455 2758 1520 2809 una

339 2890 417 2939 cum
449 2873 657 2955 Argonautis
690 2873 755 2939 iter
787 2872 910 2948 faciat3
944 2874 978 2938 in
1012 2871 1216 2955 proiectione
1248 2872 1323 2954 ipsa
1351 2872 1521 2937 Acastum

339 3012 463 3064 navem
508 3014 727 3064 escensurum
763 3014 858 3076 esse,
891 2997 981 3063 inter
1014 3013 1073 3062 eos
1113 2996 1271 3063 convenit
1302 2986 1520 3080 (149—183).

340 3123 549 3205 Quamquam
583 3122 721 3188 Graecis
754 3126 790 3187 et
823 3122 985 3188 Romanis
1014 3122 1162 3188 moribus
1195 3120 1316 3186 licebat
1344 3117 1520 3185 inimicum

340 3263 443 3329 quam
453 3246 595 3329 plurime
607 3246 754 3329 laedere,
767 3247 829 3312 hcc
839 3246 969 3312 Iasonis
979 3244 1052 3311 dolo
1063 3244 1219 3311 Valerius
1229 3247 1431 3325 argumento
1442 3254 1519 3317 suo,

340 3376 493 3449 uteret,
517 3370 614 3437 valde
636 3370 763 3436 offecit:
787 3370 948 3452 profectio
969 3368 1061 3435 enim
1080 3370 1178 3436 navis
1189 3367 1288 3450 fugae
1299 3366 1421 3434 similis
1432 3364 1520 3431 facta

341 3503 396 3564 est
430 3502 466 3563 et
488 3496 607 3561 ducem
630 3496 728 3562 navis
749 3494 859 3578 primo
881 3494 987 3559 maria
1009 3498 1186 3575 aperturae
1208 3492 1464 3574 magnanimum
1486 3485 1520 3548 et

341 3620 464 3686 fortem
497 3620 608 3687 virum
643 3636 718 3685 esse
746 3619 886 3685 decebat
908 3633 1016 3698 neque
1036 3620 1090 3683 tot
1113 3617 1261 3682 virorum
1283 3632 1345 3697 ope
1366 3614 1518 3680 adiutum

343 3743 488 3823 pericula
510 3744 619 3810 vereri
641 3744 700 3809 sed
721 3744 837 3825 ipsum
859 3758 921 3807 sua
943 3741 1063 3821 sponte
1085 3757 1126 3805 ea
1147 3743 1269 3821 petere.

387 3865 518 3934 Navem
546 3869 615 3934 iam
644 3867 830 3950 perfectam
860 3864 1011 3932 humeris
1041 3866 1189 3930 subeunt
1210 3866 1350 3944 nautae,
1374 3862 1409 3927 in
1429 3866 1517 3925 mare
1596 3933 1597 3951 χ

346 3990 532 4076 deducunt,
555 3992 729 4076 Neptuno,
753 3990 935 4074 zephyris,
958 3988 1101 4067 Glauco,
1121 3979 1515 4070 Thetidiarasstatuunt·

323 4158 536 4171 unu-m

384 4230 413 4303 1)
435 4232 475 4290 df.
498 4232 514 4289 1
538 4253 544 4289 :
566 4228 624 4289 als
645 4230 750 4288 auratis
770 4230 913 4304 corymbis.
