3300 5067
866 498 910 565 52

297 696 444 779 pollutae
455 694 695 775 rempublicam
706 710 805 759 suam
816 694 956 760 minime
967 694 1207 761 mutavissent
1218 694 1340 761 Omnia
1350 696 1487 779 deinde,

299 836 385 902 quae
402 816 897 899 Apolloniusadillustrandam
907 815 1055 884 indolem
1065 820 1251 902 nuptunrm
1262 822 1299 885 et
1310 819 1487 902 virginum

298 942 455 1011 connubii
477 940 596 1024 gaudio
618 942 767 1008 maxime
791 941 958 1008 elatarum
979 957 1042 1008 suo
1063 942 1175 1011 faceto
1193 945 1231 1009 et
1247 942 1372 1011 festivo
1383 944 1487 1010 modo

298 1068 466 1145 narravit,
496 1068 621 1135 omisit.
656 1068 820 1134 Amorem
854 1065 985 1133 Iasonis
1017 1069 1055 1133 et
1078 1067 1288 1151 Hypsipyles
1309 1085 1331 1134 a
1352 1068 1487 1133 Rhodio

299 1194 349 1259 ita
381 1192 597 1274 descriptum,
630 1192 671 1257 ut
703 1206 770 1257 non
804 1193 993 1272 tempestas
1024 1189 1084 1255 scd
1105 1191 1283 1273 utriusque
1304 1190 1487 1257 arbitrium

299 1317 453 1383 connubii
475 1316 608 1383 vincula
630 1314 853 1382 obstrinxerit
873 1329 936 1380 nec
955 1312 1487 1397 Iasoniaperteenimprofessus

299 1446 373 1508 erat
406 1459 443 1508 se
477 1457 544 1508 non
575 1438 633 1505 diu
654 1454 754 1521 posse
776 1452 914 1503 manere
937 1452 1060 1519 magna
1081 1436 1218 1519 incepta
1239 1436 1485 1523 perfecturum)

300 1570 473 1632 amantem
513 1563 727 1647 Hypsipylen
772 1562 896 1628 misere
929 1559 1120 1642 reliquerit,
1154 1560 1255 1642 plane
1284 1560 1488 1643 depravavit

299 1688 455 1755 Valerius
465 1689 603 1755 Aeneae
614 1690 651 1753 et
661 1685 800 1751 Didonis
810 1700 962 1773 amorem
976 1683 1010 1767 1)
1020 1685 1167 1766 pessime
1177 1684 1346 1751 imitatus.
1362 1686 1487 1753 Totam

299 1813 387 1878 hanc
421 1828 550 1879 moram
583 1811 627 1876 ad
656 1811 931 1894 Argonautarum
962 1808 1174 1891 propositum
1206 1826 1389 1892 eorumque
1420 1812 1488 1878 iter

300 1936 384 2001 nihil
405 1937 589 2018 pertinere,
613 1952 722 2017 neque
744 1933 929 2016 quidquam
950 1934 1030 2000 novi
1052 1932 1171 1999 afferre
1191 1949 1301 2015 neque
1322 1934 1487 2001 resintri·

300 2076 376 2125 care
410 2060 465 2125 vel
497 2058 540 2125 ad
572 2058 675 2124 linem
707 2058 887 2139 perducere
916 2056 1059 2124 libenter
1079 2057 1233 2125 concedo.
1256 2057 1370 2140 Longe
1392 2058 1487 2125 enim

300 2184 367 2249 alia
394 2198 448 2249 res
470 2187 524 2248 est
546 2182 739 2264 hospitium,
763 2180 851 2261 quod
875 2181 1013 2247 Aeneae
1033 2178 1119 2247 Dido
1140 2180 1355 2265 Carthaginis
1377 2197 1486 2263 nuper

299 2306 454 2374 conditae
487 2306 601 2388 regina
630 2306 801 2387 praebuit:
824 2303 919 2370 ducis
941 2308 977 2370 et
998 2303 1135 2386 reginae
1155 2322 1270 2371 amore
1292 2304 1429 2371 Troiani
1450 2306 1486 2370 et

301 2432 393 2497 vires
425 2435 503 2514 post
532 2431 679 2497 hiemem
712 2447 733 2495 a
755 2428 883 2495 Iunone
904 2427 1090 2495 demissam
1111 2430 1247 2495 relicere
1268 2433 1428 2512 poterant
1450 2430 1485 2493 et

301 2554 426 2622 bellum
459 2556 622 2621 Punicum
644 2552 833 2637 praedicere
861 2552 1039 2635 Vergilium.
1061 2552 1128 2619 Sed
1149 2557 1223 2619 tam
1245 2556 1391 2620 venuste
1412 2569 1484 2619 rem

303 2697 402 2746 suam
424 2679 495 2762 egit
516 2678 732 2761 Apollonius,
754 2681 795 2743 ut
817 2676 901 2741 haec
921 2674 1049 2741 Lemno
1069 2676 1106 2741 in
1123 2676 1234 2743 insula
1256 2694 1350 2743 mora
1369 2674 1486 2744 lectori

301 2802 519 2869 nihilominus
541 2802 798 2870 delectationem
819 2798 948 2865 afferat

348 2926 589 2992 Profectionem
637 2926 913 3007 Argonautarum
949 2938 1029 2988 vere
1066 2925 1101 2988 et
1142 2923 1279 3006 pulchre
1330 2924 1484 3007 depinxit

303 3048 500 3131 Apollonius
523 3050 689 3116 Rhodius:
712 3049 774 3115 hoc
795 3047 1180 3130 admoneo‚quodepioo
1191 3051 1483 3116 morerectissime
1602 3069 1603 3074 ¹

304 3171 439 3254 saepius
461 3172 529 3239 tale
551 3173 631 3254 quid
653 3172 853 3239 describitur
873 3174 910 3237 et
932 3170 1126 3253 gratissima
1147 3172 1327 3239 Homerica
1337 3173 1483 3240 imitatio

302 3299 388 3364 bene
422 3312 459 3361 se
492 3297 594 3361 habet
616 3301 652 3363 et
674 3297 762 3378 quod
785 3298 943 3363 innatum
964 3294 1111 3361 Graecae
1133 3297 1227 3377 genti
1251 3298 1406 3365 studium
1427 3314 1484 3364 na·

303 3420 440 3505 vigendi
472 3438 534 3487 nec
577 3421 783 3488 bibliothecis
816 3420 1055 3487 Alexandrinis
1088 3437 1151 3486 nec
1179 3422 1273 3503 poesi
1305 3424 1348 3489 ad
1381 3424 1483 3490 finem

304 3548 465 3629 vergente
496 3561 695 3613 evanescere
718 3546 870 3627 potuisse
893 3545 1058 3611 videmus.
1078 3544 1483 3631 Prosperocursu(Apoll.

308 3672 325 3735 1
347 3688 355 3734 :
376 3670 566 3754 915-922)
589 3670 632 3736 ad
652 3670 796 3735 insulam
819 3668 971 3735 Electrae
992 3669 1181 3736 Atlantidis
1202 3671 1406 3753 adveniunt,
1428 3668 1484 3737 ubi

305 3793 426 3875 Orphei
459 3795 595 3861 oonsilio
627 3794 752 3860 initieti
787 3798 869 3860 sunt
898 3798 940 3860 ut
963 3795 1071 3861 securi
1093 3796 1159 3861 iter
1179 3796 1389 3877 perlicerent.
1412 3796 1483 3862 Hoc

305 3918 375 3984 looo
397 3934 463 3983 non
486 3936 624 4000 possum
647 3920 728 4000 quin
750 3917 1029 3995 animadvertam,
1052 3922 1181 3999 quanta
1201 3920 1428 4002 temperantia
1448 3919 1483 3983 et

306 4058 409 4122 quam
443 4058 524 4108 sano
557 4042 689 4124 ingenio
723 4058 823 4124 saepe
856 4059 941 4107 usus
970 4042 1016 4107 sit
1049 4041 1122 4119 ille,
1155 4043 1209 4108 cui
1238 4044 1482 4111 Alexandrinae

346 4291 376 4365 1)
397 4290 438 4350 cf.
459 4290 529 4349 ran.
550 4289 570 4347 4
591 4310 598 4348 :
621 4288 790 4349 1co-172.
