3300 5067
844 475 885 540 78

315 670 353 735 ln
388 670 606 750 sequentibus
638 669 680 736 de
713 667 849 737 Valerio
882 669 951 738 0010
984 685 1084 754 agam
1118 669 1205 752 quod
1236 671 1345 739 multa
1366 673 1455 738 iacta

270 795 414 861 inseruit
456 793 549 860 iuter
593 794 868 876 Argonautarum
913 793 1092 876 appulsum
1126 795 1163 862 in
1197 792 1385 862 Colchidem
1419 799 1455 862 et
1585 783 1591 794 ”

270 921 469 984 nascentem
489 918 619 984 Iasonis
641 920 678 983 et
699 915 835 984 liedeae
858 933 1018 984 amorem.

315 1041 423 1108 Medio
445 1042 515 1108 fere
536 1043 572 1107 in
594 1041 676 1108 libro
698 1042 817 1123 quinto
840 1041 993 1110 sollemni
1016 1057 1098 1108 voce
1121 1058 1254 1110 musam
1279 1043 1431 1110 income:

361 1164 468 1249 incipe
491 1182 581 1231 nunc
603 1167 725 1232 cantus
747 1166 847 1242 alios,
870 1165 951 1250 dea,
974 1165 1116 1248 meaque
1138 1167 1234 1233 vobis

359 1287 541 1354 Thessalici
563 1288 605 1354 ria
623 1288 714 1377 nella
732 1288 847 1386 010010,
869 1306 937 1356 non
959 1305 1058 1358 mens
1081 1289 1180 1373 milri,
1203 1306 1270 1356 non
1292 1291 1374 1358 haec

359 1429 417 1478 ora
439 1413 542 1497 satis;
566 1420 710 1481 ventum
732 1412 775 1479 ad
796 1413 903 1480 furias
924 1413 1124 1496 infandaque
1146 1417 1248 1481 natae

357 1538 492 1604 foedera
513 1540 550 1604 et
572 1538 737 1604 horrenda
759 1537 928 1620 trepidam
950 1539 1015 1608 sub
1037 1537 1167 1622 virgine
1189 1553 1355 1623 puppem3

359 1664 462 1745 impia
484 1663 709 1730 monstriferis
730 1667 876 1745 snrgunt
898 1664 967 1729 iam
989 1661 1113 1745 proelia
1134 1663 1274 1748 campie.

359 1787 454 1852 Ante
476 1785 585 1869 dolos,
607 1792 689 1854 ante
711 1787 804 1853 inlidi
826 1790 942 1853 temen
965 1801 1113 1868 exequar
1137 1791 1235 1854 aetus

361 1909 533 1991 Soligenae
557 1911 626 1976 falli
649 1911 761 1977 meriti
785 1911 964 1994 meritique
987 1911 1129 1992 relinqui

361 2035 437 2100 inde
460 2051 593 2101 canens

316 2159 355 2225 in
377 2160 431 2226 his
448 2175 570 2225 versus
587 2159 653 2226 220
673 2159 826 2245 „foedera
845 2164 880 2226 et
900 2160 1062 2226 horrenda
1074 2159 1239 2243 trepidam
1253 2161 1316 2227 sub
1327 2161 1453 2242 virgine

271 2279 441 2365 puppem”
463 2281 590 2347 Valerii
613 2283 817 2364 imperitiam
840 2283 875 2348 in
898 2282 1008 2350 lucem
1026 2285 1169 2366 profert:
1194 2301 1340 2366 quonam
1361 2284 1453 2351 modo

271 2423 350 2472 cum
371 2405 485 2472 favore
507 2407 659 2488 excipere
681 2407 867 2489 poterimus
886 2423 1035 2474 amorem
1055 2408 1201 2491 puellae‚
1221 2424 1323 2489 quam
1336 2407 1454 2474 statim

272 2531 429 2598 audimus
447 2547 515 2596 non
533 2530 748 2598 innocentem
766 2548 842 2598 esse
854 2548 962 2613 neque
974 2548 1107 2617 puram,
1126 2532 1185 2598 sed
1197 2548 1283 2613 quae
1294 2531 1455 2599 horrenda

270 2659 395 2722 nautas
427 2671 551 2737 pavore
583 2656 819 2736 perturbatura
853 2655 928 2721 sit?
960 2653 1120 2722 Venefica
1149 2657 1259 2738 virgo,
1281 2657 1399 2726 fratris
1421 2659 1455 2724 et

271 2781 451 2848 liberorum
461 2778 690 2857 interfectrix,
710 2778 1093 2862 oiralasonispcrfioiae
1104 2780 1228 2863 ultrix,
1241 2797 1345 2863 quam
1357 2780 1455 2848 caede

272 2908 448 2970 cruentam
470 2920 589 2969 currus
610 2902 809 2969 draconibus
829 2903 965 2970 iunctus
983 2903 1018 2968 in
1038 2903 1159 2970 Asiam
1174 2908 1374 2972 revecturus
1385 2907 1455 2987 est,

271 3028 352 3094 aute
382 3026 494 3092 oculos
525 3027 643 3108 surgit
675 3025 749 3092 Non
781 3027 887 3092 semel
918 3026 976 3091 sed
1008 3028 1143 3109 saepius
1164 3026 1321 3096 Valerius
1343 3028 1456 3095 futura

273 3150 466 3233 significans
487 3151 669 3233 virginem,
692 3167 796 3232 quam
817 3149 1014 3232 Apollonius
1040 3152 1140 3217 finxit
1171 3151 1296 3218 scelere
1318 3151 1456 3220 liberam

272 3290 382 3357 neque
411 3274 585 3355 seipsam
616 3277 791 3340 curantem
821 3272 1003 3339 dummodo
1033 3273 1147 3340 Phrixi
1182 3274 1241 3340 filii
1275 3277 1310 3341 et
1340 3275 1456 3358 Iason,

271 3418 387 3467 carum
406 3404 524 3481 caput,
548 3399 694 3465 salutem
705 3399 988 3474 nanciscerentur,
1005 3399 1456 3480 contaminaritargumento

271 3526 371 3607 plano
400 3527 552 3601 mutato,
582 3523 669 3604 quod
699 3522 868 3604 Valeriae,
901 3522 963 3587 hac
992 3538 1028 3588 re
1058 3539 1188 3604 quoque
1211 3524 1253 3589 ab
1282 3523 1456 3605 Apollonio

273 3647 446 3728 ditiorem,
467 3649 517 3714 ita
539 3647 804 3730 amplificaturus
826 3650 900 3712 erat
921 3643 961 3712 ut
977 3645 1102 3712 scelera
1121 3651 1158 3713 et
1175 3647 1302 3728 flagitia
1320 3647 1456 3714 Medeae

190 3833 199 3854 ,
273 3771 560 3852 complecteretur.
592 3769 708 3852 Neque
730 3769 885 3836 versibus
906 3770 1083 3836 222-223
1105 3775 1210 3854 „ante
1228 3770 1322 3838 infidi
1340 3773 1455 3838 tamen

272 3909 419 3975 exequar
447 3899 545 3961 astus
575 3894 747 3977 Soligenae
776 3893 846 3960 falli
875 3893 987 3961 meriti
1014 3895 1193 3975 meritique
1215 3893 1358 3975 relinqui
1380 3892 1455 3958 inde

273 4015 424 4084 canens''
454 4021 597 4084 excusat
625 4017 748 4097 filiam,
771 4035 852 4083 narn
877 4018 930 4102 (cf.
956 4020 976 4082 5
1000 4040 1008 4083 z
1032 4015 1221 4100 aee-491)
1243 4016 1278 4081 in
1301 4016 1453 4083 Iasonem

272 4159 316 4208 ne
338 4142 507 4225 hospitem
529 4142 664 4224 quidem
686 4146 723 4209 et
744 4141 852 4208 vellus
875 4149 1014 4207 aureum
1034 4145 1227 4223 erepturum
1253 4139 1324 4223 regi
1343 4139 1454 4206 omnia

273 4265 384 4333 conari
408 4263 540 4330 licebat.
1369 4259 1370 4262 ’
