3300 5067
740 517 782 587 81

169 713 255 780 dum
283 716 484 796 argumento
514 712 705 795 Vergiliano
732 712 888 781 concinit.
911 712 1050 781 Didonis
1071 715 1211 798 operarii
1232 729 1354 799 magno

167 836 287 904 ardore
308 837 427 904 urbem
442 836 608 913 condunt,
629 837 752 915 ubique
763 837 947 921 strepitus,
970 838 1090 921 fragor,
1103 839 1243 907 elamor:
1266 855 1355 906 nova

48 973 54 985 ·
168 959 283 1042 patria
293 960 403 1029 exsuli
412 961 549 1044 reginae
559 961 686 1043 surgit,
710 962 875 1044 templum
886 961 1100 1029 aedificatum
1112 963 1167 1028 est
1178 963 1235 1030 ubi
1246 961 1356 1032 Troia»

168 1099 236 1150 nae
256 1084 370 1165 gentis
391 1084 559 1166 praeclara
567 1084 658 1152 facta
672 1085 709 1151 in
720 1085 1092 1168 marmoresculptaliii
1103 1089 1277 1154 aeternam
1289 1087 1355 1170 glo

167 1209 258 1279 110111
278 1209 483 1292 progenitori
503 1209 616 1293 populi
632 1210 776 1277 Romam
794 1210 983 1293 praedicere
1002 1210 1355 1278 moentmzrttmise·

167 1331 311 1400 ricordia
331 1333 367 1400 in
389 1332 485 1400 ilium
502 1333 631 1416 patriae
650 1334 768 1400 orbum
786 1338 823 1400 et
841 1335 979 1400 deornm
996 1335 1047 1402 ira
1064 1351 1124 1416 per
1135 1337 1243 1402 terras
1254 1351 1355 1418 vaga·

169 1460 248 1526 tum
258 1457 424 1525 afficimur
434 1474 569 1541 omnes,
588 1457 676 1540 quod
685 1457 740 1524 ille
752 1457 901 1524 nondum
912 1457 1074 1541 Penates,
1090 1461 1188 1524 tanta
1198 1457 1354 1540 reiigione

168 1584 342 1666 servatos,
364 1580 400 1648 in
421 1580 528 1650 altera
546 1581 656 1664 patria
667 1580 809 1648 condere
820 1582 944 1662 potest.
957 1582 1025 1648 Res
1037 1581 1203 1648 secundae
1216 1579 1353 1649 Didonis

169 1706 309 1773 Aeneae
337 1704 409 1772 fato
430 1710 652 1789 opponuntur.
681 1705 720 1772 In
743 1705 830 1772 Solis
853 1710 970 1774 autem
991 1705 1117 1790 templo
1139 1704 1353 1774 describendo

168 1829 326 1897 Valerius
354 1831 483 1897 temere
512 1829 587 1897 sine
615 1828 683 1896 ullo
712 1829 842 1911 poetico
864 1828 997 1911 ingenio
1019 1827 1203 1912 Vergilium
1226 1828 1353 1898 insulse

169 1952 328 2028 imitatus
341 1951 610 2020 minutissimam
620 1953 882 2020 astronomicam
891 1955 928 2018 et
939 1952 1131 2020 historicam
1143 1957 1179 2020 et
1190 1953 1354 2036 mytholo

167 2079 281 2160 gieam
302 2077 481 2145 scientiam
502 2075 639 2158 profert.
658 2075 749 2157 Quae
767 2077 967 2144 ornamenta
979 2076 1091 2143 omnia
1103 2092 1170 2144 non
1181 2077 1353 2144 concinere

168 2198 349 2268 Valeriano
361 2199 613 2283 argumentodo
624 2199 746 2266 itinere
757 2199 886 2281 primae
896 2198 1013 2278 navis,
1032 2216 1150 2268 omnes
1161 2199 1351 2268 concedent.

167 2323 237 2392 Sed
258 2324 338 2407 quid
360 2323 536 2390 dicendum
559 2323 600 2389 de
621 2324 776 2390 versibus
795 2323 972 2388 433-454
984 2324 1041 2392 ubi
1052 2324 1165 2391 omnia
1174 2324 1353 2407 providens

168 2448 330 2520 1101011101
345 2448 475 2518 Iasonis
494 2449 530 2513 et
541 2447 676 2514 Medeae
688 2463 787 2513 casus
798 2445 1011 2514 caelaverat?
1033 2446 1170 2516 ridicula
1180 2448 1351 2532 digressio,

167 2589 238 2654 qua
247 2571 348 2639 Iason
357 2587 456 2641 suam
467 2571 640 2641 fortunam
649 2569 722 2637 suis
744 2569 848 2637 oculis
859 2569 1009 2653 aspicere
1019 2569 1146 2654 potuit!
1164 2572 1350 2640 tot-455.

214 2697 294 2765 Mox
315 2695 425 2779 prodit
445 2696 574 2761 Aeetes
594 2710 615 2759 a
637 2693 826 2775 proceribus
845 2693 993 2777 stipatus
1010 2699 1046 2762 et
1064 2694 1180 2762 Phrixi
1192 2696 1352 2777 quattuor

166 2822 249 2890 filiis
282 2821 428 2906 (utinam
461 2817 616 2886 Valerius
648 2834 706 2885 eos
738 2817 931 2886 induxisset
962 2818 1081 2884 eadem
1118 2818 1248 2886 ratione
1285 2835 1351 2902 qua

169 2941 396 3032 Apolloniusi)
427 2944 542 3025 Rupta
571 2943 659 3008 nube
687 2941 845 3008 demissis
867 2942 979 3009 verbis
1000 2941 1098 3009 Iason
1120 2942 1191 3024 regi
1213 2959 1351 3010 canuam

168 3069 339 3136 adventus
372 3067 426 3136 sui
448 3067 610 3150 inopinati
640 3067 779 3149 exponit
801 3071 839 3134 et
859 3067 948 3149 petit
970 3067 1074 3133 abeo
1096 3070 1137 3133 ut
1158 3067 1222 3134 sibi
1244 3065 1352 3135 votus

167 3209 313 3261 aureum
333 3193 392 3262 det
413 3191 626 3276 (ite-518).

214 3321 265 3387 At
286 3336 365 3395 rex,
389 3317 528 3386 callidus
550 3317 741 3399 simulator,
763 3332 903 3399 gravem
921 3315 1007 3382 iram
1025 3329 1241 3396 compescens
1259 3313 1351 3397 polli-

167 3445 266 3509 oetur
293 3459 331 3510 se
360 3443 472 3510 Iasoni
501 3445 538 3508 et
558 3440 658 3508 sociis
680 3439 789 3506 vellus
811 3438 897 3506 dono
918 3438 1077 3508 daturum
1099 3454 1191 3519 esse,
1215 3437 1244 3504 si
1265 3438 1350 3505 bello

167 3567 287 3633 contm
316 3569 442 3636 Persen
471 3583 509 3634 se
538 3565 738 3633 adiuverint
768 3565 949 3648 Ingemene
978 3565 1015 3632 et
1036 3563 1230 3630 fastidiosus
1251 3560 1350 3629 Iason

166 3690 396 3769 condicionem
418 3690 540 3774 accipit
560 3686 780 3775 (eta-otop

207 3847 211 3852 ·
286 3831 390 3898 „ergo
410 3832 473 3882 nec
495 3814 549 3882 hic
570 3814 697 3882 nostris
719 3813 815 3881 derat
836 3813 928 3880 labor
949 3811 1075 3880 arduus
1096 3811 1181 3878 actis
1190 3809 1211 3836 ”

282 3939 409 4022 excipit
428 3937 642 4007 Aesonides?
669 3940 729 4021 „et
751 3952 814 4004 ceu
836 3936 919 4004 niin'l
940 3953 1083 4018 aequore
1105 3937 1216 4018 passis

280 4063 418 4131 additus
438 4063 505 4130 iste
527 4062 625 4132 dies?
647 4061 789 4129 veniant
811 4077 912 4144 super
935 4061 1018 4126 haec
1040 4075 1171 4142 quoque
1194 4059 1264 4128 tato

269 4186 369 4257 ·-bella
390 4203 476 4254 meo.
498 4185 572 4252 Non
594 4185 684 4252 hunc
705 4201 811 4267 parva
833 4183 918 4252 mihi
940 4183 1040 4250 caede
1063 4182 1208 4250 dolorem

280 4326 433 4391 quasque
454 4309 546 4378 dedit
567 4308 638 4376 luet
660 4309 714 4376 ilie
736 4309 886 4376 moras'’.

1217 4415 1238 4480 6
