3300 5067
873 503 915 569 72

302 713 411 780 usque
428 702 547 781 poetae
565 697 803 780 intelligamus.
826 696 960 780 Quanta
978 697 1069 766 enim
1087 697 1162 764 arte
1180 696 1373 763 etveritate
1384 695 1488 778 Apol·
1610 725 1611 728 ¹

227 844 231 855 =
299 821 410 888 ionius
431 822 527 889 nohis
550 821 777 889 miserrimum
798 825 835 887 et
856 821 964 888 macie
986 821 1175 888 coniectum
1198 837 1316 887 senem
1334 819 1486 900 depinxit

304 941 527 1031 (let-doeh
546 944 684 1013 Victum
706 944 825 1012 Phinei
844 947 882 1012 et
898 947 1093 1028 promptum
1112 945 1264 1012 animum
1275 960 1354 1026 ergo
1365 943 1487 1010 oraculi

302 1068 525 1150 consultores,
548 1069 636 1136 dona
646 1069 773 1136 civium
790 1071 982 1153 gratorum,
999 1053 1267 1136 benevolentiam
1278 1073 1314 1135 et
1325 1083 1485 1149 amorem,

303 1192 426 1273 quihus
446 1193 594 1262 Phineus
614 1198 653 1262 et
672 1193 854 1260 Paraehius
875 1209 913 1260 ee
938 1193 1117 1276 adurant,
1136 1193 1318 1260 admodum
1336 1191 1485 1259 desidero

303 1315 340 1382 in
373 1318 519 1385 carmine
548 1317 691 1394 Valerii,
721 1316 780 1399 qui
813 1333 915 1401 saepe
943 1317 1060 1401 longas
1081 1318 1305 1402 digressiones
1327 1319 1370 1384 ah
1393 1333 1487 1400 argu·

303 1442 420 1507 mento
451 1442 579 1509 alienas
606 1443 760 1510 inseruit.
805 1455 962 1526 Agnosco
994 1441 1086 1511 iiiam
1120 1459 1250 1510 moram
1283 1444 1318 1509 in
1349 1442 1484 1525 Thynos

303 1567 437 1649 regione
466 1582 570 1631 unam
599 1582 675 1632 esse
705 1582 724 1632 e
746 1566 882 1642 multis,
905 1567 1027 1648 quibus
1045 1567 1176 1633 animos
1198 1565 1362 1632 lectorum
1384 1565 1483 1632 deleo·

303 1688 398 1755 tandi
427 1705 530 1756 causa
558 1690 797 1772 mythographi
819 1693 856 1758 et
877 1693 995 1772 poetae
1012 1691 1286 1774 Argonautarum
1308 1690 1375 1757 iter
1396 1691 1486 1756 ador·

303 1812 471 1878 neverint.
509 1811 576 1878 Sed
605 1813 804 1896 Apollonius
833 1815 963 1896 poetico
993 1815 1125 1897 ingenio
1154 1813 1241 1881 tales
1263 1813 1486 1896 digressiones

303 1937 338 2001 in
359 1934 502 2002 formam
524 1941 654 2004 certam
675 1939 839 2023 redigere,
863 1939 977 2004 status
998 1938 1364 2020 rerumhominumque
1376 1954 1486 2005 mores

304 2059 483 2142 depingere
505 2066 542 2128 et
563 2060 731 2128 illustrare
753 2063 840 2128 solet
861 2063 955 2145 copia
973 2061 1160 2144 imaginum
1171 2061 1442 2144 gratissimarum
1452 2063 1486 2127 et

304 2185 847 2269 compmutionumitautepicum
858 2185 1485 2268 carmenAlexandrinum,quamquam

304 2307 412 2374 multa
434 2300 585 2375 doctrina
607 2314 643 2377 et
664 2310 812 2376 locorum
835 2310 1075 2390 hominumque
1097 2309 1289 2374 nominihus
1312 2307 1485 2390 laborans,

303 2431 451 2496 abundet
472 2436 546 2498 erte
570 2434 607 2498 et
628 2435 820 2499 venustate.
843 2433 956 2515 Longo
978 2433 1137 2499 vaticinio
1155 2432 1302 2498 Phineus
1314 2436 1486 2516 Argonau-

303 2560 359 2622 tas
390 2556 488 2624 docet
521 2557 692 2639 regiones,
714 2558 870 2642 flumina,
906 2574 992 2640 quae
1014 2557 1212 2624 Haemoniis
1233 2557 1316 2622 viris
1339 2560 1484 2638 praeter·

303 2681 508 2763 navigando
537 2683 624 2748 sint:
658 2699 744 2764 quae
776 2683 938 2749 materies
971 2683 1079 2749 multo
1113 2682 1223 2748 labore
1256 2686 1293 2747 et
1321 2681 1488 2748 industria

304 2806 424 2872 multis
452 2823 471 2872 e
501 2808 637 2887 seriptis
666 2808 872 2890 conquisita,
902 2812 943 2874 ut
972 2823 991 2872 e
1018 2806 1274 2873 scholiastarum
1301 2806 1486 2873 adnotatio·

304 2929 404 2996 nibus
444 2930 617 3014 videmus,
666 2931 926 2998 consuetudines
966 2929 1056 2997 illius
1088 2929 1214 2996 saeculi
1246 2932 1282 2995 et
1315 2929 1487 2998 doetrinae

304 3053 565 3120 ostentationem
607 3053 750 3124 indicat.
803 3054 1014 3136 Quamquam
1058 3053 1397 3120 animadvertendum
1435 3059 1488 3120 est

303 3178 517 3261 Apollonium
549 3185 690 3246 naturae
711 3181 954 3248 amoenitatem
975 3183 1012 3245 et
1035 3179 1140 3245 situm
1163 3179 1310 3245 iocorum
1333 3181 1430 3260 grato
1452 3180 1487 3243 et

304 3304 398 3369 vario
420 3302 517 3369 modo
539 3303 770 3386 descripsisse.
793 3303 844 3370 De
865 3304 999 3371 Valerio
1021 3307 1137 3370 autem
1160 3303 1277 3369 Flacco
1289 3303 1372 3369 nihii
1383 3305 1488 3370 haheo

303 3427 391 3508 quod
423 3427 549 3495 dicam:
582 3427 797 3509 Apollonium
830 3429 986 3495 imitatus
1009 3444 1075 3494 non
1098 3426 1195 3493 laude
1218 3426 1340 3508 dignus
1363 3433 1433 3511 est,
1458 3427 1486 3492 si

303 3554 455 3618 honest
488 3555 585 3633 grata
619 3553 799 3618 mutuatus
832 3555 907 3630 est,
943 3568 1004 3617 neo
1034 3549 1273 3632 ignoscendum
1296 3556 1351 3618 est
1374 3551 1425 3632 ei,
1458 3551 1486 3616 si

304 3676 429 3757 recepit
460 3692 546 3757 quae
578 3675 746 3758 Apollonii
779 3674 900 3741 Rhodii
934 3673 1151 3740 bibliothecae
1178 3673 1339 3754 praefecti
1362 3691 1486 3740 munus

304 3802 340 3865 et
361 3799 536 3881 disciplina
558 3815 720 3866 excusare
739 3803 852 3880 potest
870 3797 957 3882 (Vel.
977 3797 1082 3864 Flacc.
1103 3799 1123 3862 4
1144 3813 1152 3862 :
1173 3797 1368 3874 421-636,
1390 3798 1484 3880 Apol.

304 3924 324 3990 2
350 3921 576 4001 :178-536).

349 4045 513 4112 Postridie
547 4063 647 4113 mane
676 4047 894 4128 Argonautae
916 4046 1043 4113 iterum
1065 4062 1157 4112 mare
1180 4047 1319 4128 petunt,
1350 4049 1485 4111 auctore

302 4170 478 4253 Apollonio
511 4171 652 4237 minime
673 4171 800 4254 pavidi,
823 4170 1010 4238 secundum
1031 4168 1204 4236 Valerium
1227 4170 1353 4237 resides
1375 4170 1485 4236 formi-

302 4295 380 4361 dine
414 4290 518 4380 (626).
551 4294 699 4361 Phineus
731 4295 822 4360 enim
855 4293 898 4360 iis
931 4309 1062 4376 quoque
1095 4292 1136 4358 de
1170 4293 1307 4376 rupious
1342 4292 1485 4374 Cyaneis
