3300 5067
881 490 925 555 58

312 685 440 768 pietate
462 684 497 749 et
520 681 697 765 prudentia
714 682 800 748 iram
818 682 957 749 deorum
975 683 1105 749 sumre
1123 698 1289 764 suamque
1299 682 1499 749 felicitatem

313 808 459 875 retinere
477 807 589 873 conati
611 808 711 887 sunt,
732 805 830 873 docet
851 806 1106 873 Alexandrinus
1130 807 1182 889 l),
1204 807 1263 888 qui
1284 824 1307 872 a
1327 806 1500 888 tragoedis

313 934 491 1013 sumptum
531 930 697 1013 tragicum
728 934 891 997 terrorem
929 933 967 996 et
1000 930 1264 998 misericordiam
1297 935 1499 1013 argumento
1622 943 1623 970 ¹

313 1070 376 1120 suo
397 1054 551 1121 inseruit.
580 1054 709 1121 Iterum
732 1053 889 1119 Valerius
911 1053 1019 1120 multo
1040 1053 1116 1137 plus
1139 1054 1376 1138 mythologicis
1397 1055 1497 1137 nugs

312 1178 442 1245 laborat
464 1177 499 1261 2)
522 1194 626 1260 qnam
649 1177 864 1261 Apollonius,
887 1178 946 1259 qui
955 1182 1054 1260 grata
1065 1178 1233 1244 modestia
1243 1194 1318 1245 rem
1327 1180 1495 1261 exposuit

313 1301 353 1367 In
376 1304 428 1368 tot
449 1301 667 1371 caedentibus
687 1305 725 1369 et
748 1300 948 1368 cadentibus
970 1302 1054 1371 viris
1075 1302 1174 1385 longo
1184 1302 1301 1370 ordine
1312 1303 1497 1372 nominatis

313 1422 492 1509 (58-249)
526 1428 593 1500 ita,
626 1430 668 1493 ut
701 1431 830 1495 mortes
863 1430 900 1493 et
928 1428 1070 1493 vulnera
1099 1428 1205 1495 nimia
1235 1427 1497 1509 exaggeratione

312 1554 449 1617 narrata
482 1566 739 1633 cognoscamus,
773 1555 810 1616 et
833 1551 924 1617 inter
946 1549 1113 1634 Castoris,
1137 1550 1298 1632 Pollucis,
1322 1551 1497 1629 Herculis,
1623 1525 1624 1536 ἵ

312 1673 451 1757 (iterum
487 1675 735 1755 comparatione
771 1675 948 1741 lea-167
971 1690 1051 1741 eum
1074 1673 1233 1757 dignatur
1252 1674 1423 1760 Valerius)
1444 1677 1497 1741 tot

310 1798 454 1866 aliorum
486 1798 620 1879 egregia
649 1797 739 1865 iacta
768 1800 880 1865 virtus
910 1798 1041 1865 Iasonis
1062 1797 1158 1864 ducis
1180 1798 1280 1881 plane
1302 1798 1497 1881 evanuerit,

311 1921 525 2005 Apollonide,
559 1927 696 1989 tantum
730 1924 772 1989 31
805 1923 961 1990 versibus
992 1923 1036 1989 ad
1069 1940 1220 2005 pugnam
1241 1922 1497 1989 describendam

313 2060 414 2127 usus,
436 2045 573 2112 caedem
594 2044 708 2129 Cyzici
726 2048 769 2113 ab
786 2046 1043 2113 Iasoncfactam
1054 2047 1223 2114 meliusin
1235 2047 1346 2113 lucem
1357 2045 1495 2129 profert.

313 2167 480 2235 Nonnulla
518 2169 683 2237 laudanda
719 2188 795 2237 esso
825 2172 861 2237 in
901 2171 1026 2238 Valerii
1063 2171 1230 2237 carmine:
1266 2170 1498 2238 miserrimum

310 2309 430 2361 casum
451 2292 614 2372 Medonis,
636 2294 694 2376 qui
717 2294 864 2361 moriens
893 2294 1073 2360 Herculem
1095 2296 1266 2376 agnoscit,
1289 2298 1496 2361 nocturnum
1624 2259 1625 2310 ᾗ

312 2418 405 2485 urbis
426 2420 606 2499 terrorem,
630 2418 760 2485 luctum
783 2418 895 2501 Cynici
919 2419 1035 2484 uxoris
1056 2424 1094 2486 et
1115 2421 1273 2499 questus,
1297 2420 1497 2518 quitragoe

311 2541 385 2608 diae
408 2540 443 2628 3)
467 2544 641 2623 monologo
659 2540 838 2607 similiores
858 2545 942 2609 sunt
957 2558 1060 2623 quam
1075 2542 1208 2623 epicum
1226 2560 1364 2608 carmen
1383 2543 1497 2623 decet,

309 2665 580 2733 animadvertere
602 2665 715 2732 velim.
738 2664 872 2731 Funera
894 2667 1040 2732 breviter
1061 2667 1122 2732 sed
1141 2668 1177 2732 vi
1193 2667 1341 2748 quadam
1360 2671 1397 2733 et
1417 2682 1497 2750 pon-

309 2790 388 2857 dere
406 2792 450 2857 ab
471 2790 646 2872 Apollonio
668 2790 837 2871 descripta
858 2789 947 2872 apud
970 2790 1143 2857 Valerium
1164 2791 1390 2858 luxuriosiora
1413 2794 1497 2856 sunt

312 2930 415 2994 (11111111
443 2914 500 2979 illo
528 2912 676 2993 saeculo,
707 2912 796 2994 quod
825 2912 972 2994 primam
994 2928 1119 2978 navem
1142 2915 1249 2979 maria
1271 2916 1496 2997 navigantem
1625 2905 1626 2956 l

312 3036 416 3115 vidit,
449 3037 639 3119 exspectari
662 3039 785 3119 potest
813 3034 971 3101 Valerius
994 3034 1095 3101 linxit
1116 3036 1273 3118 zephyris
1295 3039 1497 3103 vocantibus
1625 3043 1626 3048 ’

313 3162 409 3243 segni
435 3162 529 3226 luctu
550 3164 586 3227 et
608 3160 757 3227 lacrimis
778 3161 995 3241 Argonautas
1017 3158 1053 3224 in
1076 3160 1174 3225 litore
1197 3164 1335 3243 tempus
1357 3163 1498 3228 trivisse

312 3286 350 3351 et
379 3284 522 3366 denique
550 3285 669 3352 Iasone
702 3287 841 3349 auctore
874 3281 983 3364 Mopsi
1011 3283 1187 3349 sacrificiis
1216 3284 1377 3351 liberatos
1400 3286 1498 3366 culpa

310 3410 478 3494 proiectos
495 3426 582 3477 esse.
606 3407 732 3489 Quibus
753 3405 932 3488 descriptis
953 3407 1092 3489 crimen,
1115 3407 1203 3487 quod
1225 3408 1326 3473 inviti
1345 3409 1498 3476 fecerant

311 3536 548 3617 Argonautae,
570 3551 592 3598 a
613 3534 714 3615 poeta
734 3531 809 3613 plus
831 3545 939 3610 aequo
959 3530 1075 3612 augeri
1096 3534 1245 3613 apparet.
1270 3530 1341 3603 Nec
1363 3550 1403 3599 se
1421 3549 1497 3599 con-

352 3765 382 3836 1)
403 3765 444 3825 cf.
464 3764 628 3839 Apollonius
649 3764 665 3823 1
688 3784 696 3821 2
718 3760 812 3821 1035:
840 3762 888 3820 ’1111
904 3763 1015 3826 (mim)
1028 3763 1080 3825 τὶν
1088 3760 1156 3823 θέμις
1164 3761 1503 3827 olaen’lalzmtmwlm·

307 3867 391 3926 πάνυ)
408 3867 507 3933 11πρ
524 3868 596 3931 μέγα
613 3864 744 3917 πέπταται
760 3862 836 3925 ἕρκος.

351 3965 382 4039 2)
414 3966 512 4025 Gonia
541 3964 688 4024 ridiculum
716 3959 820 4020 Valerii
847 3956 1089 4015 anachronismum
1109 3954 1128 4013 3
1150 3978 1157 4014 ε
1180 3956 1253 4015 132:
1273 3959 1415 4032 trepidant
1437 3960 1497 4019 diro

309 4073 362 4129 sub
387 4054 484 4130 limine
497 4089 629 4147 puppes,
660 4084 747 4143 quum
765 4067 832 4139 agat
851 4063 884 4122 dc
903 4062 1034 4137 Typhone
1054 4063 1111 4122 ianr
1131 4064 1180 4122 diu
1199 4081 1216 4122 a
1237 4063 1302 4123 Iove
1322 4066 1497 4141 interempto.

349 4175 382 4255 3)
402 4176 711 4251 sententiolarum
731 4172 780 4247 (cf.
800 4171 871 4229 Aen
892 4168 954 4239 Ν),
971 4168 1120 4241 tragoediis
1139 4169 1274 4240 Senecae,
1285 4172 1496 4243 contrormsiis,

306 4285 409 4360 quibus
428 4282 574 4343 admodum
594 4284 703 4343 studere
722 4280 848 4342 solebant
868 4275 1004 4345 Romani,
1025 4274 1157 4349 explicari
1175 4278 1274 4349 potest.
