3300 5067
886 498 931 563 26

363 680 465 778 Apud
488 693 646 761 Ovidium
668 694 813 776 legimus
833 692 904 759 VI:
928 692 994 759 720
1019 691 1165 759 Metam:

473 814 607 883 Vellera
638 834 717 883 cum
750 816 874 899 Minyis
904 814 1011 883 nitido
1040 815 1207 881 radiantia
1237 814 1316 880 villo

472 957 532 1023 per
554 956 647 1006 mare
671 958 737 1007 non
760 942 880 1007 notum
904 940 1013 1023 prima
1033 940 1162 1023 petiere
1184 940 1307 1005 carina

363 1063 481 1131 Potest
502 1064 574 1130 fleri
596 1066 637 1130 ut
659 1064 798 1131 Ovidius
821 1064 1001 1131 Diodorum
1013 1063 1335 1146 inspexerit,quem
1346 1063 1502 1131 Valerius

318 1188 372 1253 hic
412 1191 513 1270 atque
546 1188 614 1255 illia
644 1187 801 1253 imitatus
833 1190 898 1256 est.
932 1186 1096 1254 Diodorus
1126 1188 1271 1254 fortasse
1300 1206 1320 1255 e
1349 1187 1503 1271 Dionysii

317 1312 512 1395 Mytilenaei
545 1311 638 1378 libris
672 1310 714 1377 de
748 1311 955 1393 Argonautis
985 1312 1133 1378 rivulum
1164 1312 1305 1379 deduxit
1334 1314 1396 1379 aut
1429 1313 1504 1395 ipse

317 1438 468 1505 omnium
501 1438 737 1503 historicorum
770 1436 867 1502 facile
899 1438 1054 1519 princeps
1083 1437 1272 1504 tabularum
1301 1437 1445 1519 scriptor
1467 1438 1504 1503 et

317 1562 593 1646 mythographus·
617 1563 755 1626 secutus
790 1563 845 1626 est
879 1560 984 1626 alium
1006 1560 1204 1643 scriptorem
1227 1561 1340 1629 minus
1363 1566 1503 1640 notum,

315 1686 374 1767 qui
396 1685 548 1751 narravit
569 1686 713 1765 primam
731 1701 872 1765 navem,
885 1684 981 1751 ouius
992 1701 1113 1751 nomen
1125 1688 1163 1752 et
1172 1702 1272 1751 casus
1283 1689 1502 1769 cognoverat,

316 1808 423 1874 fuisse
445 1809 589 1890 primam
611 1826 752 1885 narem,
775 1825 861 1890 quae
883 1810 1067 1875 exstiterit.

361 1929 521 1997 Narravit
543 1932 633 1998 enim
656 1931 820 1999 Diodorus
838 1934 935 1998 4:41
952 1936 991 1998 :1
1011 1932 1165 1998 Iasonem
1177 1933 1325 2015 primum
1337 1936 1402 2000 sub
1412 1935 1505 2001 Pelio
1615 1917 1616 1946 ¹

316 2060 432 2121 monte
454 2072 596 2139 navem,
620 2057 707 2123 mole
729 2059 908 2138 ceteroque
926 2062 1089 2139 apparatu
1108 2056 1205 2139 longe
1224 2057 1387 2124 maiorem
1398 2076 1504 2139 quam

316 2180 522 2246 consuetudo
544 2180 664 2263 ferret,
687 2180 892 2263 aedificasse,
914 2196 993 2245 cum
1016 2180 1146 2246 ratibus
1168 2178 1225 2245 illa
1241 2181 1448 2261 tempestate
1465 2187 1504 2248 et

316 2304 436 2371 lembis
470 2305 679 2387 navigarent.
714 2303 752 2368 ln
782 2304 835 2369 bis
869 2300 1034 2369 Diodorus
1062 2303 1222 2369 lectorem
1252 2319 1318 2368 non
1341 2302 1501 2381 offendit,

316 2427 404 2509 quod
425 2428 581 2494 Herculis
604 2428 766 2493 vitamet
789 2428 920 2493 labores
942 2442 1114 2506 exponens
1135 2426 1410 2507 Argonautarum
1433 2428 1502 2494 iter

316 2551 403 2634 (erat
432 2553 524 2618 enim
559 2550 722 2617 Hercules
750 2566 881 2631 quoque
914 2550 948 2615 in
980 2565 1120 2616 numero
1143 2548 1322 2631 sociorum)
1345 2559 1503 2617 accurate

315 2676 451 2757 quidem
485 2675 544 2740 sed
576 2674 724 2741 breviter
759 2674 919 2739 narravit.
953 2672 1131 2739 Abstinuit
1165 2689 1208 2738 ne
1238 2672 1503 2741 innumerabiles

316 2801 416 2866 urbes
446 2802 483 2864 et
517 2798 729 2881 splendidum
759 2798 879 2862 luxum
915 2797 1094 2871 insereret,
1128 2796 1215 2878 quod
1248 2798 1505 2878 ineptissimum

315 2924 438 2989 fuisset
460 2924 495 2989 in
517 2923 629 2989 fabula
651 2924 692 2989 de
714 2924 842 3005 primae
861 2923 960 2988 navis
978 2923 1098 2989 itinere
1120 2938 1229 3003 neque
1252 2907 1399 2988 concinit
1414 2925 1503 2989 tem·
1615 3003 1616 3022 χ

316 3046 403 3129 pori,
427 3065 492 3129 quo
515 3048 558 3113 iis
580 3048 728 3114 nondum
739 3047 905 3126 inventis,
919 3064 1005 3128 quae
1016 3046 1058 3112 ad
1069 3046 1161 3111 laute
1173 3050 1208 3111 et
1220 3048 1304 3111 bene
1315 3046 1504 3114 vivendum
1615 3053 1616 3086 ³

315 3172 505 3236 necessaria
527 3169 627 3254 sunt,
653 3171 806 3238 homines
829 3169 949 3235 inculti
971 3170 1067 3235 erant
1092 3171 1128 3234 et
1150 3169 1251 3234 rudes
1273 3169 1431 3236 moribus.
1462 3170 1504 3237 Ei
1615 3221 1616 3272 ᾧ

317 3297 434 3361 tamen
453 3293 586 3361 Diodori
603 3298 639 3360 et
650 3294 776 3361 Valerii
787 3293 988 3384 expositioni
1000 3294 1107 3360 totius
1119 3292 1250 3358 fabulae
1261 3295 1504 3374 argumentum

316 3423 499 3501 repugnat:
535 3417 698 3483 Phrixum
740 3418 831 3483 enim
865 3417 900 3482 in
935 3417 1131 3499 longinquas
1173 3420 1282 3482 terras
1322 3417 1502 3484 advenisse

316 3558 460 3624 eamque
493 3541 619 3608 famam
652 3542 687 3607 in
714 3539 862 3607 Graecia
892 3540 1117 3622 pererebuisse
1147 3538 1259 3606 fabula
1289 3542 1412 3617 sumit,
1435 3559 1502 3623 quo
1615 3571 1616 3574 ¹

316 3665 457 3747 intelligi
487 3668 601 3748 potest
631 3664 774 3731 navibus
807 3665 876 3729 iam
898 3668 998 3729 antea
1021 3663 1074 3729 uti
1095 3662 1212 3728 solitos
1235 3662 1390 3730 Graecos.
1425 3663 1502 3731 Non
1615 3693 1616 3700 ¹

316 3802 401 3869 nego
424 3787 641 3856 Valerianum
661 3791 901 3869 argumentum
922 3786 962 3852 de
981 3787 1102 3853 itinere
1122 3787 1251 3868 primae
1270 3788 1368 3852 navis
1383 3787 1502 3870 longae

315 3910 409 3975 omni
428 3916 599 3979 momento
617 3916 653 3979 et
665 3912 833 3993 gravitate
844 3927 966 3992 carere,
979 3910 1039 3975 sed
1050 3910 1166 3992 opinor
1175 3910 1309 3976 luxuria
1319 3915 1356 3977 et
1367 3928 1502 3977 morum

316 4034 582 4119 magnificentia,
617 4036 738 4117 quibus
772 4032 997 4100 describendis
1030 4032 1215 4115 Vergilium
1249 4039 1303 4100 est
1325 4034 1499 4119 imitatus,

316 4156 494 4224 Valerium
521 4174 622 4224 suurn
645 4160 884 4241 argumentum
907 4156 1099 4223 detorsisse.
1134 4156 1344 4240 Quamquam
1365 4158 1504 4241 epicum
1615 4212 1616 4215 ,

315 4286 372 4349 est
394 4285 529 4365 poetam
540 4282 679 4348 Homeri
701 4286 737 4348 et
759 4280 901 4363 Vergilii
923 4280 1076 4360 exemplo
1098 4279 1139 4346 de
1161 4296 1223 4347 suo
1245 4285 1396 4362 tempore
1419 4300 1505 4351 non-
