3300 5067
877 495 921 562 96

349 690 425 758 lam
446 705 560 757 amore
582 693 656 757 orto
677 689 773 756 dulce
795 705 966 757 venenum
987 689 1099 772 puella
1116 690 1215 756 venis
1233 691 1317 758 bibit
1335 693 1372 756 et
1383 689 1494 773 magis

305 815 481 900 magisque
522 819 676 898 aestuat,
718 829 786 882 non
820 831 920 880 suam
951 814 1013 881 aad
1045 813 1175 881 Iasonis
1209 818 1338 882 sortem
1370 830 1494 882 curans

306 940 495 1006 aaa-470.

351 1061 563 1130 Redeuntem
584 1061 628 1130 ad
649 1062 756 1130 socios
777 1061 932 1129 Iasonem
954 1062 1069 1146 Argus
1087 1063 1285 1132 adhortatur
1296 1061 1494 1144 Chalciopes

303 1184 469 1254 auxilium
494 1187 668 1268 invocare,
692 1202 779 1268 quac
813 1185 951 1254 Medeae
985 1187 1173 1263 veneficae,
1205 1187 1355 1256 Hecatae
1385 1185 1491 1268 filiae,

305 1309 419 1378 Persis
447 1309 587 1377 monitis
616 1308 753 1393 doctae,
778 1309 980 1392 persuadeat
1009 1314 1049 1378 ut
1072 1311 1184 1378 Iasoni
1205 1311 1371 1380 auxilium
1393 1309 1491 1378 ferat

304 1433 404 1502 lason
444 1433 597 1517 agnoscit
641 1433 704 1500 hoc
736 1433 913 1502 consilium
945 1435 1118 1518 egregium
1151 1434 1288 1517 quidem
1320 1451 1398 1502 esse
1433 1433 1492 1502 sed

304 1559 532 1643 magnanimis
553 1558 667 1626 verbis
687 1562 833 1640 questus
854 1560 926 1640 est,
950 1559 1014 1626 487
1039 1576 1128 1641 seo:

664 1679 763 1758 μελέη
783 1703 823 1758 γε
845 1681 903 1758 μὲν
924 1682 996 1758 ἡμῖν
1017 1681 1115 1764 ὄρωρεν

507 1805 642 1886 ε’λπωρὴ,
665 1803 717 1870 ὅτε
738 1803 838 1870 νόστον
861 1805 1123 1887 imperiectio
1144 1804 1289 1886 γυναιξίν.

351 1931 425 1997 Hoc
445 1930 516 1997 looo
536 1946 605 1999 non
625 1930 773 1998 alienum
795 1932 879 1998 mihi
901 1931 1038 1999 videtur
1059 1949 1135 1999 esse
1159 1933 1201 1999 de
1220 1933 1328 2000 indole
1350 1936 1387 1999 et
1399 1931 1493 1998 mori-

306 2053 372 2119 bus
404 2051 536 2120 Iasonis
568 2053 726 2120 nonnulla
758 2054 916 2136 prolerre.
949 2053 1089 2137 Semper
1106 2037 1163 2123 'ah
1184 2057 1327 2140 egregiis
1350 2055 1493 2139 ingeniis

305 2178 432 2244 critids
455 2177 644 2262 (Weiohert
664 2178 749 2244 uber
769 2179 857 2262 App.
881 2179 1006 2265 Rhod,
1029 2179 1137 2250 Oouat
1158 2179 1191 2246 la
1210 2181 1321 2262 poesie
1343 2178 1491 2245 Alexan-

306 2303 416 2383 drine,
438 2303 587 2386 llahaffy
608 2303 666 2370 Gr.
689 2303 747 2370 life
765 2305 833 2372 and
850 2305 1009 2391 thought)
1031 2305 1207 2388 Apollonio
1229 2303 1378 2372 vertitur
1388 2303 1489 2381 vitio,

305 2427 395 2510 quod
426 2444 495 2494 non
528 2427 624 2494 ducis
655 2433 779 2494 natura
810 2433 849 2496 et
880 2429 1066 2497 virtutibus
1098 2429 1327 2512 Argonautica
1356 2441 1489 2494 carmen

305 2556 508 2638 perpetuum
542 2557 579 2620 et
611 2553 696 2618 beno
729 2552 911 2620 cohaerens
942 2552 1033 2620 facta
1067 2556 1158 2620 sunt.
1192 2549 1284 2618 Num
1312 2550 1426 2618 Ulixis
1455 2550 1488 2616 in

306 2677 460 2760 Odyssea
491 2692 626 2758 semper
658 2672 755 2742 filum
783 2679 821 2742 et
849 2675 1022 2742 duculum
1053 2679 1107 2742 est
1136 2676 1329 2758 argumenti
1357 2671 1488 2758 ipsius?

306 2799 363 2867 ille
395 2816 527 2882 qnoque
561 2803 615 2866 tot
647 2798 840 2866 discrimina
872 2815 1012 2883 passus,
1047 2816 1189 2881 quorum
1221 2800 1376 2882 pleraque
1403 2795 1488 2866 tales

306 2923 530 3007 digressiones
573 2927 657 2990 sunt
699 2921 816 3005 quales
858 2923 1133 3006 Argonautarum
1172 2939 1265 2990 mora
1305 2923 1341 2990 in
1377 2921 1488 3015 ,meua

305 3047 450 3128 Lemno,
485 3047 645 3129 proelium
679 3061 758 3112 cum
787 3043 962 3129 Cyzicenis
984 3049 1084 3114 nocte
1104 3047 1313 3129 intempesta
1335 3047 1487 3114 commis·

306 3187 402 3255 sum,
435 3171 528 3236 lucta
559 3169 704 3237 Pollucis
735 3173 773 3235 et
804 3171 946 3253 Amyci,
980 3187 1001 3236 a
1033 3169 1097 3238 diis
1131 3175 1167 3238 et
1197 3171 1323 3238 deabus
1352 3170 1486 3238 adiutus

304 3298 361 3362 est
382 3297 420 3362 et
442 3295 557 3362 unitas
578 3292 686 3360 totius
707 3292 793 3376 epici
813 3293 972 3362 carminis
994 3295 1093 3360 tanta
1113 3297 1169 3360 est
1187 3299 1227 3361 ut
1245 3294 1354 3362 adhuc
1370 3293 1485 3360 doctis·

306 3419 385 3486 simi
418 3418 484 3484 viri
517 3417 667 3483 maximo
700 3415 812 3484 studio
844 3419 881 3482 et
913 3416 1023 3484 labore
1056 3417 1243 3500 Odysseam
1273 3417 1421 3487 dividere
1451 3417 1484 3482 in

305 3545 442 3614 nativas
461 3547 577 3629 panes
595 3546 768 3611 conentm.
791 3542 876 3625 Quid
894 3543 1101 3610 censendum
1111 3543 1153 3609 de
1164 3542 1340 3610 tabulisad
1351 3542 1485 3609 Aeneae

305 3687 436 3737 errores
465 3667 728 3752 pertinentibus,
760 3668 818 3733 ubi
847 3668 893 3749 pii
915 3667 1068 3746 Aeneae,
1102 3669 1160 3749 qui
1182 3670 1320 3734 tantum
1350 3667 1485 3734 deorum
1607 3729 1608 3780 ᾖ

306 3793 476 3860 vaticiniis
496 3791 710 3876 propellitur,
733 3791 888 3874 languido
910 3795 947 3857 et
965 3791 1060 3858 tardo
1078 3791 1212 3873 ingenio
1227 3789 1319 3856 nulla
1330 3788 1485 3859 carminis
1607 3783 1608 3806 ¹

305 3916 421 3982 unitas
454 3917 695 3986 constituitur?
728 3915 822 3998 Quod
856 3933 972 3984 eorum
1005 3917 1194 3984 carminum
1227 3915 1352 3998 origine
1382 3913 1485 3997 expli·

305 4039 451 4107 candum
480 4046 546 4108 est
577 4042 616 4108 In
647 4042 783 4108 exordio
812 4041 883 4108 iam
914 4042 1029 4110 monui
1051 4044 1288 4123 argumentum
1309 4041 1422 4123 ipsum
1444 4035 1484 4102 ad
1539 4084 1542 4094 ,
1607 4015 1608 4058 ³

307 4169 517 4231 mercaturae
538 4165 691 4232 studium
712 4164 904 4247 ldinyarum
925 4167 961 4230 et
984 4141 1157 4230 maritima
1174 4165 1296 4232 itinera
1316 4166 1482 4247 spectare,

307 4288 426 4355 deinde
446 4287 635 4355 fabularum
657 4287 960 4356 contrahendarum
982 4287 1152 4370 cupidine,
1174 4305 1242 4370 qua
1263 4305 1329 4355 non
1352 4303 1407 4354 res
1426 4282 1482 4352 sed
