<?xml version="1.0" encoding="UTF-8"?>
<!DOCTYPE html PUBLIC "-//W3C//DTD XHTML 1.0 Transitional//EN"
    "http://www.w3.org/TR/xhtml1/DTD/xhtml1-transitional.dtd">
<html xmlns="http://www.w3.org/1999/xhtml" xml:lang="en" lang="en">
 <head>
  <title>
</title>
<meta http-equiv="Content-Type" content="text/html;charset=utf-8" />
  <meta name='ocr-system' content='tesseract 3.04.00' />
  <meta name='ocr-capabilities' content='ocr_page ocr_carea ocr_par ocr_line ocrx_word'/>
</head>
<body>
  <div class='ocr_page' id='page_1' title='image "./deapolloniirhod00moltgoog_0069.png"; bbox 0 0 3300 5067; ppageno 0'>
   <div class='ocr_carea' id='block_1_1' title="bbox 280 1360 1205 1558">
    <p class='ocr_par' dir='ltr' id='par_1_1' title="bbox 280 1360 1205 1558">
     <span class='ocr_line' id='line_1_1' title="bbox 280 1360 1205 1451; baseline 0.001 -19"><span class='ocrx_word' id='word_1_1' title='bbox 280 1362 437 1451; x_wconf 68' lang='lat' dir='ltr'>Apellbull</span> <span class='ocrx_word' id='word_1_2' title='bbox 460 1361 571 1435; x_wconf 82' lang='lat' dir='ltr'>ntolll</span> <span class='ocrx_word' id='word_1_3' title='bbox 595 1361 835 1449; x_wconf 67' lang='lat' dir='ltr'>momulltbu</span> <span class='ocrx_word' id='word_1_4' title='bbox 859 1361 964 1432; x_wconf 72' lang='lat'>1:08!</span> <span class='ocrx_word' id='word_1_5' title='bbox 987 1361 1029 1432; x_wconf 77' lang='lat' dir='ltr'>ed</span> <span class='ocrx_word' id='word_1_6' title='bbox 1051 1360 1146 1433; x_wconf 75' lang='lat' dir='ltr'>dmm</span> <span class='ocrx_word' id='word_1_7' title='bbox 1171 1363 1205 1435; x_wconf 77' lang='lat' dir='ltr'>el</span> 
     </span>
     <span class='ocr_line' id='line_1_2' title="bbox 527 1484 953 1558; baseline -0.007 -2"><span class='ocrx_word' id='word_1_8' title='bbox 527 1485 608 1558; x_wconf 83' lang='lat' dir='ltr'>llllel·</span> <span class='ocrx_word' id='word_1_9' title='bbox 635 1486 671 1556; x_wconf 93' lang='grc' dir='ltr'>ΙΙΙ</span> <span class='ocrx_word' id='word_1_10' title='bbox 694 1484 812 1556; x_wconf 73' lang='lat' dir='ltr'>Valeri!</span> <span class='ocrx_word' id='word_1_11' title='bbox 836 1484 953 1557; x_wconf 71' lang='lat' dir='ltr'>fletui.</span> 
     </span>
    </p>
   </div>
   <div class='ocr_carea' id='block_1_2' title="bbox 145 1684 1339 3379">
    <p class='ocr_par' dir='ltr' id='par_1_2' title="bbox 145 1684 1339 3379">
     <span class='ocr_line' id='line_1_3' title="bbox 192 1684 1333 1770; baseline -0.001 -16"><span class='ocrx_word' id='word_1_12' title='bbox 192 1686 301 1754; x_wconf 85' lang='lat' dir='ltr'>Musis</span> <span class='ocrx_word' id='word_1_13' title='bbox 321 1685 487 1752; x_wconf 85' lang='lat' dir='ltr'>invocatis</span> <span class='ocrx_word' id='word_1_14' title='bbox 510 1686 612 1751; x_wconf 78' lang='lat' dir='ltr'>taetri</span> <span class='ocrx_word' id='word_1_15' title='bbox 633 1685 724 1751; x_wconf 83' lang='lat' dir='ltr'>inter</span> <span class='ocrx_word' id='word_1_16' title='bbox 744 1685 961 1767; x_wconf 79' lang='lat' dir='ltr'>Argonautas</span> <span class='ocrx_word' id='word_1_17' title='bbox 983 1690 1020 1752; x_wconf 86' lang='lat' dir='ltr'>et</span> <span class='ocrx_word' id='word_1_18' title='bbox 1042 1684 1223 1768; x_wconf 78' lang='lat' dir='ltr'>Cyzicenos</span> <span class='ocrx_word' id='word_1_19' title='bbox 1244 1688 1333 1770; x_wconf 83' lang='lat' dir='ltr'>gesti</span> 
     </span>
     <span class='ocr_line' id='line_1_4' title="bbox 145 1807 1334 1893; baseline 0 -16"><span class='ocrx_word' id='word_1_20' title='bbox 145 1810 226 1877; x_wconf 88' lang='lat' dir='ltr'>belli</span> <span class='ocrx_word' id='word_1_21' title='bbox 255 1826 393 1876; x_wconf 86' lang='lat' dir='ltr'>eausam</span> <span class='ocrx_word' id='word_1_22' title='bbox 423 1810 533 1891; x_wconf 86' lang='lat' dir='ltr'>eoepit</span> <span class='ocrx_word' id='word_1_23' title='bbox 561 1824 727 1891; x_wconf 79' lang='lat' dir='ltr'>exponere</span> <span class='ocrx_word' id='word_1_24' title='bbox 755 1808 920 1876; x_wconf 84' lang='lat' dir='ltr'>Valerius.</span> <span class='ocrx_word' id='word_1_25' title='bbox 947 1807 1054 1874; x_wconf 87' lang='lat' dir='ltr'>Deam</span> <span class='ocrx_word' id='word_1_26' title='bbox 1076 1809 1167 1876; x_wconf 90' lang='lat' dir='ltr'>enim</span> <span class='ocrx_word' id='word_1_27' title='bbox 1190 1808 1334 1893; x_wconf 84' lang='lat' dir='ltr'>Cybelen</span> 
     </span>
     <span class='ocr_line' id='line_1_5' title="bbox 146 1931 1335 2017; baseline 0.001 -17"><span class='ocrx_word' id='word_1_28' title='bbox 146 1934 334 2001; x_wconf 83' lang='lat' dir='ltr'>offenderat</span> <span class='ocrx_word' id='word_1_29' title='bbox 360 1932 520 2017; x_wconf 60' lang='lat' dir='ltr'>Cyzicum</span> <span class='ocrx_word' id='word_1_30' title='bbox 544 1932 631 2014; x_wconf 90' lang='lat' dir='ltr'>quod</span> <span class='ocrx_word' id='word_1_31' title='bbox 653 1931 791 1998; x_wconf 90' lang='lat' dir='ltr'>iuvenili</span> <span class='ocrx_word' id='word_1_32' title='bbox 812 1932 930 1998; x_wconf 89' lang='lat' dir='ltr'>ardore</span> <span class='ocrx_word' id='word_1_33' title='bbox 951 1932 1184 1999; x_wconf 89' lang='lat' dir='ltr'>inflammatus</span> <span class='ocrx_word' id='word_1_34' title='bbox 1204 1934 1335 2001; x_wconf 90' lang='lat' dir='ltr'>leonem</span> 
     </span>
     <span class='ocr_line' id='line_1_6' title="bbox 146 2054 1336 2138; baseline 0.002 -15"><span class='ocrx_word' id='word_1_35' title='bbox 146 2058 241 2125; x_wconf 85' lang='lat' dir='ltr'>Deae</span> <span class='ocrx_word' id='word_1_36' title='bbox 264 2073 398 2123; x_wconf 82' lang='lat' dir='ltr'>sacrum</span> <span class='ocrx_word' id='word_1_37' title='bbox 419 2056 527 2123; x_wconf 86' lang='lat' dir='ltr'>iaculo</span> <span class='ocrx_word' id='word_1_38' title='bbox 548 2056 778 2122; x_wconf 84' lang='lat' dir='ltr'>transfixerat.</span> <span class='ocrx_word' id='word_1_39' title='bbox 801 2054 922 2137; x_wconf 82' lang='lat' dir='ltr'>Magna</span> <span class='ocrx_word' id='word_1_40' title='bbox 940 2055 991 2121; x_wconf 89' lang='lat' dir='ltr'>ira</span> <span class='ocrx_word' id='word_1_41' title='bbox 1009 2057 1156 2138; x_wconf 84' lang='lat' dir='ltr'>graviter</span> <span class='ocrx_word' id='word_1_42' title='bbox 1167 2063 1336 2126; x_wconf 81' lang='lat' dir='ltr'>commota</span> 
     </span>
     <span class='ocr_line' id='line_1_7' title="bbox 148 2179 1336 2263; baseline 0 -14"><span class='ocrx_word' id='word_1_43' title='bbox 148 2182 327 2249; x_wconf 88' lang='lat' dir='ltr'>interitum</span> <span class='ocrx_word' id='word_1_44' title='bbox 360 2181 449 2263; x_wconf 84' lang='lat' dir='ltr'>regis</span> <span class='ocrx_word' id='word_1_45' title='bbox 483 2181 624 2263; x_wconf 81' lang='lat' dir='ltr'>cogitat,</span> <span class='ocrx_word' id='word_1_46' title='bbox 666 2179 770 2246; x_wconf 86' lang='lat' dir='ltr'>donee</span> <span class='ocrx_word' id='word_1_47' title='bbox 804 2196 892 2246; x_wconf 87' lang='lat' dir='ltr'>nova</span> <span class='ocrx_word' id='word_1_48' title='bbox 925 2196 1014 2246; x_wconf 86' lang='lat' dir='ltr'>nave</span> <span class='ocrx_word' id='word_1_49' title='bbox 1042 2180 1118 2246; x_wconf 85' lang='lat' dir='ltr'>visa</span> <span class='ocrx_word' id='word_1_50' title='bbox 1153 2181 1336 2249; x_wconf 80' lang='lat' dir='ltr'>ulciscendi</span> 
     </span>
     <span class='ocr_line' id='line_1_8' title="bbox 148 2304 1336 2386; baseline 0.002 -15"><span class='ocrx_word' id='word_1_51' title='bbox 148 2307 317 2373; x_wconf 87' lang='lat' dir='ltr'>rationem</span> <span class='ocrx_word' id='word_1_52' title='bbox 340 2305 481 2371; x_wconf 90' lang='lat' dir='ltr'>invenit.</span> <span class='ocrx_word' id='word_1_53' title='bbox 501 2304 572 2386; x_wconf 76' lang='lat' dir='ltr'>Quo</span> <span class='ocrx_word' id='word_1_54' title='bbox 595 2304 692 2370; x_wconf 91' lang='lat' dir='ltr'>modo</span> <span class='ocrx_word' id='word_1_55' title='bbox 710 2308 828 2370; x_wconf 88' lang='lat' dir='ltr'>autem</span> <span class='ocrx_word' id='word_1_56' title='bbox 847 2304 901 2369; x_wconf 91' lang='lat' dir='ltr'>vel</span> <span class='ocrx_word' id='word_1_57' title='bbox 920 2321 987 2384; x_wconf 87' lang='lat' dir='ltr'>qua</span> <span class='ocrx_word' id='word_1_58' title='bbox 1005 2306 1176 2386; x_wconf 79' lang='lat' dir='ltr'>potestate</span> <span class='ocrx_word' id='word_1_59' title='bbox 1188 2305 1336 2373; x_wconf 86' lang='lat' dir='ltr'>effecerit</span> 
     </span>
     <span class='ocr_line' id='line_1_9' title="bbox 149 2426 1336 2513; baseline 0.001 -17"><span class='ocrx_word' id='word_1_60' title='bbox 149 2432 231 2513; x_wconf 85' lang='lat' dir='ltr'>dea,</span> <span class='ocrx_word' id='word_1_61' title='bbox 265 2432 306 2495; x_wconf 93' lang='lat' dir='ltr'>ut</span> <span class='ocrx_word' id='word_1_62' title='bbox 331 2428 447 2494; x_wconf 89' lang='lat' dir='ltr'>nautis</span> <span class='ocrx_word' id='word_1_63' title='bbox 477 2444 595 2495; x_wconf 85' lang='lat' dir='ltr'>somne</span> <span class='ocrx_word' id='word_1_64' title='bbox 617 2426 737 2510; x_wconf 86' lang='lat' dir='ltr'>sopitis</span> <span class='ocrx_word' id='word_1_65' title='bbox 758 2427 851 2509; x_wconf 77' lang='lat' dir='ltr'>Argo</span> <span class='ocrx_word' id='word_1_66' title='bbox 872 2426 981 2493; x_wconf 88' lang='lat' dir='ltr'>redire</span> <span class='ocrx_word' id='word_1_67' title='bbox 1001 2427 1038 2494; x_wconf 92' lang='lat' dir='ltr'>in</span> <span class='ocrx_word' id='word_1_68' title='bbox 1059 2427 1172 2511; x_wconf 82' lang='lat' dir='ltr'>Cyziei</span> <span class='ocrx_word' id='word_1_69' title='bbox 1194 2446 1336 2513; x_wconf 81' lang='lat' dir='ltr'>regnum</span> 
     </span>
     <span class='ocr_line' id='line_1_10' title="bbox 148 2526 1336 2637; baseline -0.001 -17"><span class='ocrx_word' id='word_1_70' title='bbox 148 2552 300 2637; x_wconf 90' lang='lat' dir='ltr'>potuerit</span> <span class='ocrx_word' id='word_1_71' title='bbox 311 2551 346 2635; x_wconf 81' lang='lat'>(3</span> <span class='ocrx_word' id='word_1_72' title='bbox 359 2570 366 2615; x_wconf 92' lang='lat'><strong>:</strong></span> <span class='ocrx_word' id='word_1_73' title='bbox 379 2551 526 2636; x_wconf 82' lang='lat'>39-42)</span> <span class='ocrx_word' id='word_1_74' title='bbox 538 2550 694 2617; x_wconf 85' lang='lat' dir='ltr'>Valerius</span> <span class='ocrx_word' id='word_1_75' title='bbox 705 2552 807 2616; x_wconf 86' lang='lat' dir='ltr'>tacet.</span> <span class='ocrx_word' id='word_1_76' title='bbox 819 2548 929 2616; x_wconf 91' lang='lat' dir='ltr'>Deum</span> <span class='ocrx_word' id='word_1_77' title='bbox 937 2526 1064 2617; x_wconf 76' lang='lat' dir='ltr'>Panem</span> <span class='ocrx_word' id='word_1_78' title='bbox 1071 2553 1165 2618; x_wconf 87' lang='lat' dir='ltr'>iussa</span> <span class='ocrx_word' id='word_1_79' title='bbox 1172 2552 1336 2621; x_wconf 86' lang='lat' dir='ltr'>ferentem</span> 
     </span>
     <span class='ocr_line' id='line_1_11' title="bbox 150 2671 1336 2761; baseline -0.001 -17"><span class='ocrx_word' id='word_1_80' title='bbox 150 2676 349 2761; x_wconf 79' lang='lat' dir='ltr'>Mygdoniae</span> <span class='ocrx_word' id='word_1_81' title='bbox 370 2675 493 2742; x_wconf 85' lang='lat' dir='ltr'>matris</span> <span class='ocrx_word' id='word_1_82' title='bbox 515 2672 596 2760; x_wconf 81' lang='lat'>(47),</span> <span class='ocrx_word' id='word_1_83' title='bbox 620 2671 700 2758; x_wconf 92' lang='lat' dir='ltr'>(non</span> <span class='ocrx_word' id='word_1_84' title='bbox 723 2690 805 2741; x_wconf 84' lang='lat' dir='ltr'>suae</span> <span class='ocrx_word' id='word_1_85' title='bbox 827 2674 950 2740; x_wconf 85' lang='lat' dir='ltr'>matris</span> <span class='ocrx_word' id='word_1_86' title='bbox 971 2675 1031 2741; x_wconf 89' lang='lat' dir='ltr'>sed</span> <span class='ocrx_word' id='word_1_87' title='bbox 1050 2675 1170 2742; x_wconf 80' lang='lat' dir='ltr'>Matris</span> <span class='ocrx_word' id='word_1_88' title='bbox 1186 2676 1336 2759; x_wconf 89' lang='lat' dir='ltr'>deorum)</span> 
     </span>
     <span class='ocr_line' id='line_1_12' title="bbox 150 2796 1336 2879; baseline 0.002 -14"><span class='ocrx_word' id='word_1_89' title='bbox 150 2800 253 2866; x_wconf 84' lang='lat' dir='ltr'>linxit</span> <span class='ocrx_word' id='word_1_90' title='bbox 296 2798 450 2866; x_wconf 84' lang='lat' dir='ltr'>Latinus.</span> <span class='ocrx_word' id='word_1_91' title='bbox 496 2800 546 2865; x_wconf 88' lang='lat' dir='ltr'>At</span> <span class='ocrx_word' id='word_1_92' title='bbox 580 2798 651 2864; x_wconf 86' lang='lat' dir='ltr'>Pan</span> <span class='ocrx_word' id='word_1_93' title='bbox 684 2814 872 2879; x_wconf 83' lang='lat' dir='ltr'>numquam</span> <span class='ocrx_word' id='word_1_94' title='bbox 907 2796 1012 2864; x_wconf 81' lang='lat' dir='ltr'>Gallis</span> <span class='ocrx_word' id='word_1_95' title='bbox 1045 2800 1164 2865; x_wconf 82' lang='lat' dir='ltr'>Matris</span> <span class='ocrx_word' id='word_1_96' title='bbox 1198 2799 1336 2867; x_wconf 86' lang='lat' dir='ltr'>deorum</span> 
     </span>
     <span class='ocr_line' id='line_1_13' title="bbox 151 2922 1336 3005; baseline -0.001 -15"><span class='ocrx_word' id='word_1_97' title='bbox 151 2926 319 2991; x_wconf 87' lang='lat' dir='ltr'>olamosae</span> <span class='ocrx_word' id='word_1_98' title='bbox 341 2923 468 2991; x_wconf 79' lang='lat' dir='ltr'>eonoru</span> <span class='ocrx_word' id='word_1_99' title='bbox 489 2923 548 2989; x_wconf 88' lang='lat' dir='ltr'>sed</span> <span class='ocrx_word' id='word_1_100' title='bbox 570 2922 720 3005; x_wconf 85' lang='lat' dir='ltr'>Dionysii</span> <span class='ocrx_word' id='word_1_101' title='bbox 744 2922 872 3004; x_wconf 86' lang='lat' dir='ltr'>satyris</span> <span class='ocrx_word' id='word_1_102' title='bbox 894 2924 931 2987; x_wconf 85' lang='lat' dir='ltr'>et</span> <span class='ocrx_word' id='word_1_103' title='bbox 953 2922 1112 3004; x_wconf 87' lang='lat' dir='ltr'>nymphis</span> <span class='ocrx_word' id='word_1_104' title='bbox 1134 2922 1336 3004; x_wconf 86' lang='lat' dir='ltr'>adiungitur.</span> 
     </span>
     <span class='ocr_line' id='line_1_14' title="bbox 152 3044 1337 3130; baseline 0.001 -17"><span class='ocrx_word' id='word_1_105' title='bbox 152 3047 281 3115; x_wconf 86' lang='lat' dir='ltr'>Deinde</span> <span class='ocrx_word' id='word_1_106' title='bbox 303 3049 416 3113; x_wconf 87' lang='lat' dir='ltr'>minus</span> <span class='ocrx_word' id='word_1_107' title='bbox 438 3050 528 3113; x_wconf 87' lang='lat' dir='ltr'>reete</span> <span class='ocrx_word' id='word_1_108' title='bbox 550 3046 806 3113; x_wconf 86' lang='lat' dir='ltr'>deumhoeloco</span> <span class='ocrx_word' id='word_1_109' title='bbox 815 3044 961 3111; x_wconf 85' lang='lat' dir='ltr'>induxit.</span> <span class='ocrx_word' id='word_1_110' title='bbox 973 3045 1109 3112; x_wconf 80' lang='lat' dir='ltr'>Tenem</span> <span class='ocrx_word' id='word_1_111' title='bbox 1121 3047 1222 3130; x_wconf 90' lang='lat' dir='ltr'>enim,</span> <span class='ocrx_word' id='word_1_112' title='bbox 1235 3064 1337 3129; x_wconf 84' lang='lat' dir='ltr'>quem</span> 
     </span>
     <span class='ocr_line' id='line_1_15' title="bbox 152 3158 1338 3255; baseline -0.001 -16"><span class='ocrx_word' id='word_1_113' title='bbox 152 3172 277 3239; x_wconf 75' lang='lat' dir='ltr'>inicere</span> <span class='ocrx_word' id='word_1_114' title='bbox 310 3174 346 3237; x_wconf 81' lang='lat' dir='ltr'>et</span> <span class='ocrx_word' id='word_1_115' title='bbox 375 3171 527 3238; x_wconf 86' lang='lat' dir='ltr'>hostibus</span> <span class='ocrx_word' id='word_1_116' title='bbox 557 3174 593 3238; x_wconf 82' lang='lat' dir='ltr'>et</span> <span class='ocrx_word' id='word_1_117' title='bbox 621 3171 783 3254; x_wconf 88' lang='lat' dir='ltr'>nymphis</span> <span class='ocrx_word' id='word_1_118' title='bbox 817 3172 855 3236; x_wconf 80' lang='lat' dir='ltr'>et</span> <span class='ocrx_word' id='word_1_119' title='bbox 883 3158 1084 3236; x_wconf 83' lang='lat' dir='ltr'>animalibus</span> <span class='ocrx_word' id='word_1_120' title='bbox 1106 3172 1210 3255; x_wconf 87' lang='lat' dir='ltr'>solet,</span> <span class='ocrx_word' id='word_1_121' title='bbox 1234 3171 1338 3238; x_wconf 82' lang='lat' dir='ltr'>efficit</span> 
     </span>
     <span class='ocr_line' id='line_1_16' title="bbox 153 3295 1339 3379; baseline 0.001 -19"><span class='ocrx_word' id='word_1_122' title='bbox 153 3296 237 3379; x_wconf 87' lang='lat' dir='ltr'>Pan,</span> <span class='ocrx_word' id='word_1_123' title='bbox 258 3298 298 3360; x_wconf 92' lang='lat' dir='ltr'>ut</span> <span class='ocrx_word' id='word_1_124' title='bbox 320 3312 418 3362; x_wconf 79' lang='lat' dir='ltr'>caeto</span> <span class='ocrx_word' id='word_1_125' title='bbox 439 3312 563 3377; x_wconf 82' lang='lat' dir='ltr'>angore</span> <span class='ocrx_word' id='word_1_126' title='bbox 585 3296 719 3378; x_wconf 79' lang='lat' dir='ltr'>fugiant</span> <span class='ocrx_word' id='word_1_127' title='bbox 740 3296 919 3377; x_wconf 88' lang='lat' dir='ltr'>omniaque</span> <span class='ocrx_word' id='word_1_128' title='bbox 930 3297 1139 3378; x_wconf 86' lang='lat' dir='ltr'>postemant.</span> <span class='ocrx_word' id='word_1_129' title='bbox 1162 3295 1339 3361; x_wconf 86' lang='lat' dir='ltr'>Inmemo-</span> 
     </span>
    </p>
   </div>
   <div class='ocr_carea' id='block_1_3' title="bbox 153 3418 1453 3501">
    <p class='ocr_par' dir='ltr' id='par_1_3' title="bbox 153 3418 1453 3501">
     <span class='ocr_line' id='line_1_17' title="bbox 153 3418 1453 3501; baseline -0.004 -14"><span class='ocrx_word' id='word_1_130' title='bbox 153 3420 240 3487; x_wconf 82' lang='lat' dir='ltr'>riem</span> <span class='ocrx_word' id='word_1_131' title='bbox 269 3435 425 3486; x_wconf 78' lang='lat' dir='ltr'>revocare</span> <span class='ocrx_word' id='word_1_132' title='bbox 455 3419 574 3501; x_wconf 83' lang='lat' dir='ltr'>liceat,</span> <span class='ocrx_word' id='word_1_133' title='bbox 597 3436 682 3501; x_wconf 86' lang='lat' dir='ltr'>quas</span> <span class='ocrx_word' id='word_1_134' title='bbox 705 3422 820 3501; x_wconf 83' lang='lat' dir='ltr'>partes</span> <span class='ocrx_word' id='word_1_135' title='bbox 843 3418 914 3483; x_wconf 87' lang='lat' dir='ltr'>Pan</span> <span class='ocrx_word' id='word_1_136' title='bbox 936 3418 971 3483; x_wconf 92' lang='lat' dir='ltr'>in</span> <span class='ocrx_word' id='word_1_137' title='bbox 994 3435 1107 3501; x_wconf 85' lang='lat' dir='ltr'>pugna</span> <span class='ocrx_word' id='word_1_138' title='bbox 1129 3418 1339 3485; x_wconf 83' lang='lat' dir='ltr'>Marathonia</span> <span class='ocrx_word' id='word_1_139' title='bbox 1451 3454 1453 3458; x_wconf 79' lang='lat'><em>.</em></span> 
     </span>
    </p>
   </div>
   <div class='ocr_carea' id='block_1_4' title="bbox 155 3542 1342 4369">
    <p class='ocr_par' dir='ltr' id='par_1_4' title="bbox 155 3542 1342 4369">
     <span class='ocr_line' id='line_1_18' title="bbox 155 3542 1339 3641; baseline 0 -33"><span class='ocrx_word' id='word_1_140' title='bbox 155 3543 278 3625; x_wconf 86' lang='lat' dir='ltr'>egerit,</span> <span class='ocrx_word' id='word_1_141' title='bbox 301 3559 379 3610; x_wconf 86' lang='lat' dir='ltr'>oum</span> <span class='ocrx_word' id='word_1_142' title='bbox 397 3543 594 3641; x_wconf 86' lang='lat' dir='ltr'>subitaeius</span> <span class='ocrx_word' id='word_1_143' title='bbox 605 3544 754 3625; x_wconf 86' lang='lat' dir='ltr'>imagine.</span> <span class='ocrx_word' id='word_1_144' title='bbox 762 3542 838 3608; x_wconf 87' lang='lat' dir='ltr'>visa</span> <span class='ocrx_word' id='word_1_145' title='bbox 848 3542 971 3607; x_wconf 85' lang='lat' dir='ltr'>Persae</span> <span class='ocrx_word' id='word_1_146' title='bbox 981 3543 1181 3625; x_wconf 84' lang='lat' dir='ltr'>praecipites</span> <span class='ocrx_word' id='word_1_147' title='bbox 1192 3544 1339 3609; x_wconf 84' lang='lat' dir='ltr'>salutem</span> 
     </span>
     <span class='ocr_line' id='line_1_19' title="bbox 155 3665 1339 3750; baseline 0 -18"><span class='ocrx_word' id='word_1_148' title='bbox 155 3666 234 3750; x_wconf 84' lang='lat' dir='ltr'>iuga</span> <span class='ocrx_word' id='word_1_149' title='bbox 244 3668 438 3749; x_wconf 84' lang='lat' dir='ltr'>petiverint</span> <span class='ocrx_word' id='word_1_150' title='bbox 450 3666 578 3733; x_wconf 85' lang='lat' dir='ltr'>Statim</span> <span class='ocrx_word' id='word_1_151' title='bbox 589 3666 811 3748; x_wconf 83' lang='lat' dir='ltr'>intelligimus</span> <span class='ocrx_word' id='word_1_152' title='bbox 823 3665 1203 3732; x_wconf 85' lang='lat' dir='ltr'>hoeValeriilocodeum</span> <span class='ocrx_word' id='word_1_153' title='bbox 1212 3666 1339 3732; x_wconf 88' lang='lat' dir='ltr'>Panem</span> 
     </span>
     <span class='ocr_line' id='line_1_20' title="bbox 157 3789 1339 3873; baseline 0.001 -18"><span class='ocrx_word' id='word_1_154' title='bbox 157 3792 300 3857; x_wconf 90' lang='lat' dir='ltr'>eundem</span> <span class='ocrx_word' id='word_1_155' title='bbox 326 3807 403 3857; x_wconf 85' lang='lat' dir='ltr'>esse</span> <span class='ocrx_word' id='word_1_156' title='bbox 425 3808 465 3857; x_wconf 88' lang='lat' dir='ltr'>ae</span> <span class='ocrx_word' id='word_1_157' title='bbox 483 3806 619 3857; x_wconf 83' lang='lat' dir='ltr'>caecum</span> <span class='ocrx_word' id='word_1_158' title='bbox 640 3790 810 3873; x_wconf 83' lang='lat' dir='ltr'>pugnandi</span> <span class='ocrx_word' id='word_1_159' title='bbox 829 3790 995 3871; x_wconf 85' lang='lat' dir='ltr'>furorem,</span> <span class='ocrx_word' id='word_1_160' title='bbox 1016 3789 1074 3870; x_wconf 94' lang='lat' dir='ltr'>qui</span> <span class='ocrx_word' id='word_1_161' title='bbox 1085 3789 1273 3857; x_wconf 78' lang='lat' dir='ltr'>contrarius</span> <span class='ocrx_word' id='word_1_162' title='bbox 1284 3794 1339 3857; x_wconf 88' lang='lat' dir='ltr'>est</span> 
     </span>
     <span class='ocr_line' id='line_1_21' title="bbox 156 3912 1341 3998; baseline 0 -17"><span class='ocrx_word' id='word_1_163' title='bbox 156 3915 292 3993; x_wconf 87' lang='lat' dir='ltr'>terrori,</span> <span class='ocrx_word' id='word_1_164' title='bbox 323 3932 425 3998; x_wconf 89' lang='lat' dir='ltr'>quem</span> <span class='ocrx_word' id='word_1_165' title='bbox 450 3913 573 3981; x_wconf 86' lang='lat' dir='ltr'>inicere</span> <span class='ocrx_word' id='word_1_166' title='bbox 600 3914 703 3980; x_wconf 90' lang='lat' dir='ltr'>solet:</span> <span class='ocrx_word' id='word_1_167' title='bbox 727 3913 881 3980; x_wconf 86' lang='lat' dir='ltr'>versibus</span> <span class='ocrx_word' id='word_1_168' title='bbox 905 3912 1038 3977; x_wconf 86' lang='grc'><strong>43-46</strong></span> <span class='ocrx_word' id='word_1_169' title='bbox 1061 3912 1134 3994; x_wconf 87' lang='lat' dir='ltr'>ipse</span> <span class='ocrx_word' id='word_1_170' title='bbox 1157 3929 1194 3977; x_wconf 90' lang='lat' dir='ltr'>se</span> <span class='ocrx_word' id='word_1_171' title='bbox 1217 3912 1341 3981; x_wconf 85' lang='lat' dir='ltr'>refellit</span> 
     </span>
     <span class='ocr_line' id='line_1_22' title="bbox 156 4035 1342 4121; baseline -0.004 -14"><span class='ocrx_word' id='word_1_172' title='bbox 156 4044 266 4121; x_wconf 86' lang='lat' dir='ltr'>poeta.</span> <span class='ocrx_word' id='word_1_173' title='bbox 298 4038 348 4105; x_wconf 89' lang='lat' dir='ltr'>De</span> <span class='ocrx_word' id='word_1_174' title='bbox 377 4038 432 4104; x_wconf 85' lang='lat' dir='ltr'>his</span> <span class='ocrx_word' id='word_1_175' title='bbox 461 4037 617 4104; x_wconf 90' lang='lat' dir='ltr'>omnibus</span> <span class='ocrx_word' id='word_1_176' title='bbox 648 4037 736 4120; x_wconf 87' lang='lat' dir='ltr'>apud</span> <span class='ocrx_word' id='word_1_177' title='bbox 768 4035 982 4117; x_wconf 87' lang='lat' dir='ltr'>Apollonium</span> <span class='ocrx_word' id='word_1_178' title='bbox 1006 4035 1090 4101; x_wconf 90' lang='lat' dir='ltr'>nibil</span> <span class='ocrx_word' id='word_1_179' title='bbox 1110 4036 1283 4104; x_wconf 87' lang='lat' dir='ltr'>invenitur</span> <span class='ocrx_word' id='word_1_180' title='bbox 1305 4041 1342 4103; x_wconf 92' lang='lat' dir='ltr'>et</span> 
     </span>
     <span class='ocr_line' id='line_1_23' title="bbox 155 4159 1341 4245; baseline 0 -19"><span class='ocrx_word' id='word_1_181' title='bbox 155 4166 245 4230; x_wconf 86' lang='lat' dir='ltr'>reete</span> <span class='ocrx_word' id='word_1_182' title='bbox 281 4163 426 4245; x_wconf 89' lang='lat' dir='ltr'>quidem.</span> <span class='ocrx_word' id='word_1_183' title='bbox 460 4162 558 4229; x_wconf 86' lang='lat' dir='ltr'>Hane</span> <span class='ocrx_word' id='word_1_184' title='bbox 593 4162 701 4229; x_wconf 86' lang='lat' dir='ltr'>diram</span> <span class='ocrx_word' id='word_1_185' title='bbox 735 4163 772 4227; x_wconf 89' lang='lat' dir='ltr'>et</span> <span class='ocrx_word' id='word_1_186' title='bbox 804 4165 981 4227; x_wconf 85' lang='lat' dir='ltr'>ementem</span> <span class='ocrx_word' id='word_1_187' title='bbox 1009 4176 1158 4242; x_wconf 81' lang='lat' dir='ltr'>pugnam</span> <span class='ocrx_word' id='word_1_188' title='bbox 1192 4162 1227 4226; x_wconf 92' lang='lat' dir='ltr'>in</span> <span class='ocrx_word' id='word_1_189' title='bbox 1256 4159 1341 4227; x_wconf 81' lang='lat' dir='ltr'>Fato</span> 
     </span>
     <span class='ocr_line' id='line_1_24' title="bbox 158 4283 1342 4369; baseline -0.006 -14"><span class='ocrx_word' id='word_1_190' title='bbox 158 4302 254 4355; x_wconf 83' lang='lat' dir='ltr'>caeto</span> <span class='ocrx_word' id='word_1_191' title='bbox 288 4292 325 4353; x_wconf 91' lang='lat' dir='ltr'>et</span> <span class='ocrx_word' id='word_1_192' title='bbox 355 4286 546 4353; x_wconf 86' lang='lat' dir='ltr'>hominibus</span> <span class='ocrx_word' id='word_1_193' title='bbox 568 4286 683 4353; x_wconf 88' lang='lat' dir='ltr'>invido</span> <span class='ocrx_word' id='word_1_194' title='bbox 704 4286 836 4369; x_wconf 89' lang='lat' dir='ltr'>inesse,</span> <span class='ocrx_word' id='word_1_195' title='bbox 859 4300 925 4365; x_wconf 88' lang='lat' dir='ltr'>quo</span> <span class='ocrx_word' id='word_1_196' title='bbox 949 4300 1049 4365; x_wconf 84' lang='lat' dir='ltr'>saepe</span> <span class='ocrx_word' id='word_1_197' title='bbox 1072 4285 1259 4367; x_wconf 86' lang='lat' dir='ltr'>perierunt,</span> <span class='ocrx_word' id='word_1_198' title='bbox 1283 4283 1342 4363; x_wconf 92' lang='lat' dir='ltr'>qui</span> 
     </span>
    </p>
   </div>
   <div class='ocr_carea' id='block_1_5' title="bbox 0 0 1674 5067">
    <p class='ocr_par' dir='ltr' id='par_1_5' title="bbox 0 0 1674 5067">
     <span class='ocr_line' id='line_1_25' title="bbox 0 0 1674 5067; baseline 0 0"><span class='ocrx_word' id='word_1_199' title='bbox 0 0 1674 5067; x_wconf 95' lang='lat' dir='ltr'> </span> 
     </span>
    </p>
   </div>
  </div>
 </body>
</html>
