3300 5067
605 521 780 586 ’19

166 712 328 785 sonantes
351 727 431 779 mox
452 728 511 793 per
533 712 638 779 valles
662 718 699 779 et
717 716 876 797 patentes
898 732 1034 798 campos
1053 718 1231 800 tranquillo
1247 737 1349 789 cursu

164 850 273 915 aquas
290 834 325 901 in
345 852 438 903 mare
460 836 553 903 ducit
569 836 714 916 flumen,
737 837 786 904 sic
805 839 971 922 Apollonii
993 858 1129 909 carmen
1150 849 1349 926 argumento

166 958 313 1025 breviter
324 960 486 1043 exposito,
498 961 637 1027 heroum
648 962 1003 1048 nominibusnarratis,
1012 966 1347 1036 mediasinreslecte·

165 1101 238 1152 rem
249 1100 365 1151 secum
376 1084 466 1151 ducit
479 1101 541 1175 nec
552 1084 629 1151 ullis
640 1086 839 1169 ambagibus
848 1088 908 1154 sed
919 1094 1035 1172 aperte
1043 1092 1080 1156 et
1086 1090 1228 1158 dilucide
1234 1108 1347 1159 rerum

165 1208 288 1275 seriem
311 1209 447 1275 evolvit.
472 1208 511 1275 In
533 1209 629 1275 litore
652 1214 724 1277 stat
746 1210 918 1278 Alcimede
941 1219 1061 1295 mater,
1081 1216 1262 1297 postremis
1279 1234 1347 1281 am·

164 1332 318 1413 plexibus
328 1332 512 1399 adhaerens
522 1333 659 1412 fili0,ut
669 1336 850 1416 puellasub
860 1336 945 1403 dura
954 1353 1098 1404 noverca
1107 1338 1346 1419 gravissimam

164 1457 273 1523 vitam
301 1458 458 1533 trahens,
485 1457 608 1523 nutrici
626 1474 762 1525 omnem
780 1460 927 1527 dolorem
946 1461 1116 1527 effundere
1134 1460 1219 1528 velit
1236 1479 1345 1545 neque

163 1581 396 1663 potestzcun's
410 1580 502 1647 enim
514 1580 720 1661 gravioribus
730 1583 866 1651 animus
876 1583 1123 1651 csteiafflictus
1131 1583 1345 1671 (268-276).

156 1704 208 1777 ¹Et
228 1707 371 1786 questus
392 1703 550 1773 effundit:
574 1705 744 1771 culinam
763 1711 898 1773 mortua
915 1711 952 1773 et
970 1707 1104 1789 sepulta
1122 1709 1273 1775 carasihi
1284 1709 1343 1775 filii

156 1845 266 1895 ,manu
285 1831 396 1906 esset,
413 1828 482 1911 qui,
501 1828 602 1895 decus
621 1830 741 1896 matris
759 1831 795 1896 et
809 1830 918 1897 totius
928 1830 1022 1897 vitae
1035 1831 1181 1907 deliciae,
1192 1833 1341 1913 praemia
1384 1867 1388 1874 ·

160 1953 411 2019 educationiset
422 1954 567 2020 materni
578 1954 702 2021 ameris
717 1956 790 2021 tam
800 1958 898 2037 grata
909 1922 1060 2021 beneficii
1071 1957 1233 2023 memoria
1243 1956 1343 2023 refer·

159 2080 224 2143 ret.
247 2076 427 2143 Senectute
449 2076 542 2143 tristi
564 2080 601 2143 et
621 2077 680 2143 filii
702 2076 866 2144 carissimi
888 2081 925 2145 et
946 2078 1054 2162 unici,
1078 2079 1132 2145 cui
1151 2079 1342 2146 solizonam

160 2200 314 2277 solverit,
333 2200 504 2278 desiderio,
529 2216 566 2266 se
585 2217 664 2269 mox
683 2202 903 2285 absumptum
921 2202 972 2270 iri
985 2202 1165 2285 Phrixum,
1178 2202 1340 2269 Phrixum

153 2326 255 2397 illum
266 2341 403 2391 causam
414 2323 518 2391 husee
529 2326 583 2391 tot
594 2324 767 2407 malorum,
780 2341 818 2391 se
831 2341 1016 2407 numquam
1028 2327 1339 2408 suspicatamesse!

158 2450 304 2517 Matrem
315 2451 513 2530 querentem
523 2446 631 2525 Iason,
641 2447 866 2515 misericordia
873 2451 910 2513 et
917 2465 1029 2515 amore
1037 2451 1239 2533 commotae,¹
1246 2451 1340 2517 audit
1359 2461 1362 2469 ’

157 2590 199 2640 ac
220 2572 418 2656 respondet:
442 2573 473 2639 ei
495 2588 601 2654 aequo
623 2570 1135 2639 animocaecamnecessitatem
1147 2573 1339 2640 esseseren·

157 2699 248 2774 dam,
259 2698 468 2777 atseipsum
479 2696 625 2763 lacrimis
636 2712 703 2763 non
714 2712 814 2779 posse
824 2696 963 2763 retineri
974 2696 1174 2763 etdedecerc
1182 2698 1338 2780 matrem,

151 2825 199 2891 ut
220 2838 321 2889 avem
354 2820 555 2905 infaustam,
589 2820 811 2903 proficiscenti
841 2821 921 2887 navi
953 2821 1081 2887 adesse.
1109 2819 1193 2887 llam
1219 2820 1338 2889 deinde

155 2948 295 3015 domum
316 2946 407 3012 abire
429 2962 507 3012 cum
529 2943 658 3011 ancillis
679 2944 801 3011 leniter
821 2944 922 3012 iussit
944 2940 1162 3029 (aaa-306).

202 3070 253 3137 Ut
273 3069 391 3152 Apollo
409 3068 515 3136 nitido
537 3068 710 3152 splendore
733 3084 792 3149 per
815 3068 935 3134 Delum
956 3069 1019 3133 aut
1041 3065 1176 3134 Clarum
1195 3069 1335 3153 incedit,

156 3196 205 3263 sic
238 3196 335 3263 lason
368 3210 427 3277 per
459 3192 712 3260 multitudinem
741 3192 784 3259 ad
818 3208 942 3259 navem
975 3193 1014 3258 it.
1048 3191 1160 3275 Iphias
1181 3194 1337 3262 sacerdos

154 3318 288 3402 vetula,
311 3317 343 3383 ei
366 3315 509 3394 occurit,
529 3314 573 3382 ‘ut
597 3316 935 3383 manumoseuletur:
948 3316 1208 3382 omnihusenim
1218 3333 1335 3384 carum

154 3447 257 3526 caput
278 3447 352 3509 erat
374 3441 482 3507 Iason
505 3438 610 3521 Quem
632 3441 712 3507 socii
734 3440 823 3523 apud
847 3456 970 3506 navem
993 3439 1122 3506 collecti
1145 3440 1331 3507 salutatum

153 3568 287 3635 obviam
323 3567 472 3633 veniunt
506 3564 616 3647 Quum
649 3567 799 3633 Acastus
835 3567 884 3649 1),
914 3565 1025 3632 Peliae
1052 3565 1141 3647 regis
1169 3563 1275 3642 filiusr,
1297 3566 1335 3630 et

193 3733 223 3805 1)
243 3734 326 3793 Patre
336 3734 423 3794 inscio
443 3736 471 3793 et
490 3734 599 3793 nolente
618 3734 740 3793 Acastus
760 3750 810 3792 sua
831 3736 927 3808 sponte
948 3749 999 3792 nec
1019 3734 1054 3791 ab
1076 3732 1175 3791 Iasone
1191 3734 1335 3806 corruptus

150 3830 233 3889 sociis
252 3848 282 3891 se
301 3832 443 3907 adiungit,
463 3832 536 3907 quod
556 3832 724 3891 demonstrat
744 3848 858 3890 causam
877 3830 987 3890 Iasonis
1006 3830 1109 3888 iustam
1129 3845 1199 3888 esse.

190 3928 300 3989 Iasonis
319 3931 427 3991 labores
445 3931 527 4005 longe
547 3929 677 3989 differunt
697 3947 714 3988 a
733 3930 815 3988 rebus
835 3929 922 4002 gestis
940 3928 1058 3987 aliorum
1077 3928 1200 3998 heroum,
1210 3927 1277 4001 quia
1285 3928 1333 3987 ille

149 4042 206 4085 non
235 4027 311 4087 solus
341 4028 388 4087 sed
417 4028 516 4087 multis
545 4044 608 4086 cum
638 4026 720 4085 sociis
749 4026 933 4101 periculosum
960 4025 1013 4083 iter
1033 4024 1164 4098 suscepit.
1191 4024 1268 4093 Quod
1287 4024 1334 4083 (le-

146 4128 283 4184 monshat
312 4142 369 4185 non
397 4128 455 4185 tam
485 4126 594 4185 Iasonis
624 4141 728 4184 errores
758 4141 842 4198 quam
872 4124 1006 4184 coloniam
1033 4125 1148 4197 aparte
1166 4122 1331 4197 Minyarum

146 4239 266 4298 quorum
286 4223 377 4282 accius
397 4224 479 4282 eliam
498 4223 573 4297 regis
592 4222 668 4281 filins
681 4221 843 4298 ipseluerit,
854 4220 998 4280 deductam
1007 4220 1215 4295 Argonauticae
1223 4218 1332 4278 fabulae

145 4320 237 4380 fuisse
256 4323 456 4395 argumentum.
756 4335 762 4351 ·
