3300 5067
899 454 943 521 10

325 622 532 730 Hypsipylea
555 646 731 732 Neophron
752 666 904 732 quoque,
926 649 1102 733 Euripides
1125 651 1250 730 iunior,
1270 650 1421 731 Biotus,
1451 648 1528 715 Car·

328 772 443 852 ciuus,
466 770 700 853 Dicaeegenes.

371 894 598 961 Antimachus
619 896 654 963 in
677 896 792 979 elegiis
814 897 858 963 ad
879 896 995 981 Lyden
1018 897 1155 964 Medeae
1173 901 1212 964 et
1222 897 1353 964 Iasonis
1366 914 1526 964 amorem

328 1034 459 1099 quoque
478 1020 662 1099 cecinerat,
685 1032 772 1102 quae
794 1021 920 1103 elegiae
940 1021 1051 1088 factae
1073 1024 1157 1087 suut
1178 1023 1378 1105 exemplum
1403 1020 1523 1087 Musae

326 1142 591 1229 Alexandrinae,
622 1163 709 1227 quae
738 1146 857 1213 multis
886 1148 989 1213 rebus
1018 1148 1056 1213 et
1076 1147 1269 1214 nominibus
1291 1146 1524 1213 accumulatis

325 1271 501 1334 amantem
533 1268 699 1335 infelicem
730 1274 767 1336 et
795 1270 902 1336 amori
932 1271 1208 1337 succumbentem
1237 1269 1408 1337 consolari
1441 1268 1524 1335 sole

327 1392 386 1457 bat
421 1391 463 1476 1).
498 1392 564 1459 Sed
595 1398 769 1474 praeterea
798 1394 1054 1460 innumerabilia
1084 1395 1211 1477 scripta
1232 1397 1346 1475 erant,
1374 1408 1523 1476 quorum

326 1516 463 1583 nomina
485 1521 522 1583 et
543 1522 697 1583 auctores
719 1520 754 1583 in
777 1518 911 1585 scholiis
933 1518 1144 1584 invenimus:
1172 1518 1271 1599 longa
1292 1518 1390 1583 enim
1416 1516 1522 1583 series

325 1645 381 1707 est
399 1640 587 1708 fabularum
605 1640 845 1707 Heracleamm
864 1646 962 1722 (quae
979 1641 1022 1705 de
1041 1640 1197 1707 Herculis
1215 1640 1388 1707 laboribus
1400 1636 1520 1721 agunt)

323 1769 360 1832 et
382 1766 599 1846 scriptorum,
630 1782 716 1847 quae
746 1765 909 1831 coloniam
932 1764 1131 1848 Bithyniam
1154 1765 1353 1832 Heracleam
1377 1766 1520 1844 eiusque

326 1888 537 1954 vicinitatem
561 1892 808 1973 tractaverant;
833 1888 935 1955 multi
957 1905 1088 1970 quoque
1111 1888 1302 1972 logographi
1324 1894 1362 1954 et
1384 1888 1521 1970 mytho·

325 2012 443 2093 graphi
472 2013 507 2077 in
538 2014 673 2095 scriptis
699 2014 928 2095 Argonautica
950 2015 1189 2097 narraverant,
1212 2028 1355 2095 quorum
1378 2010 1518 2078 nomina

326 2135 423 2217 longo
445 2136 558 2202 ordine
579 2153 777 2204 enumerare
800 2138 862 2203 hoc
884 2136 955 2203 loco
973 2136 1121 2203 alienum
1139 2137 1223 2202 mihi
1242 2136 1398 2203 videtur:
1424 2148 1518 2215 prae

325 2262 419 2326 terea
452 2262 630 2344 geographi
665 2261 814 2328 nonnulli
838 2261 895 2342 qui
917 2261 1071 2341 regiones
1094 2261 1245 2341 singulas
1267 2258 1517 2343 descripserant

326 2380 556 2467 (Asclepiades
597 2384 812 2467 Bithyniam,
855 2384 1033 2449 Deilochus
1067 2382 1245 2466 Cyzicum,
1296 2383 1514 2465 Timagetus

326 2506 547 2573 Callisthenes
576 2506 759 2571 Alexandri
790 2507 903 2588 Magni
932 2506 1062 2572 amicus
1084 2506 1183 2573 litora
1213 2511 1249 2572 et
1279 2508 1380 2572 urbes
1416 2502 1531 2571 Ponti-

325 2614 472 2715 Muxinilss
497 2630 708 2711 Quamquam
729 2646 853 2696 nomen
876 2630 1050 2712 scriptoris
1073 2630 1127 2696 vel
1149 2634 1269 2713 poetae
1288 2627 1514 2697 ascholiastis

325 2756 500 2822 laudatum
519 2771 585 2821 nou
605 2754 846 2822 documentum
865 2756 920 2819 est
937 2753 1150 2835 Apollonium
1163 2770 1244 2819 eum
1254 2754 1450 2836 inspexisse
1462 2746 1514 2814 vel

326 2880 369 2946 ab
388 2896 427 2945 eo
446 2878 606 2945 nonnulla
620 2882 817 2944 mutuatum
830 2893 914 2943 esse.
935 2877 1057 2943 inutile
1068 2882 1185 2943 autem
1196 2877 1515 2945 mihivideturesse

327 3003 559 3068 demonstrare
589 3000 802 3081 Apollonium
829 3000 1020 3081 catalogum
1047 3005 1083 3066 et
1105 3003 1235 3082 partem
1257 3004 1513 3085 geographicam

325 3130 481 3194 extrema
492 3127 664 3209 diligentia
684 3132 720 3193 et
731 3144 820 3209 cura,
833 3144 919 3207 quae
930 3125 1160 3191 Alexandrina
1172 3129 1262 3202 sunt,
1272 3125 1511 3208 composuisse.

327 3249 414 3317 Cum
436 3268 498 3316 nec
520 3252 554 3316 in
579 3251 759 3333 tragoediis
777 3268 840 3316 nec
858 3251 894 3315 111
913 3250 1029 3331 elegiis
1047 3250 1244 3316 Antimachi
1263 3250 1400 3316 Medeae
1419 3260 1512 3315 amor

322 3392 471 3442 nascens
482 3376 628 3457 primum
640 3374 749 3441 locum
761 3375 948 3457 occuparet,
956 3378 993 3441 et
1003 3376 1155 3440 materiei
1164 3376 1271 3455 ipsius
1279 3374 1510 3458 plurespartes

326 3501 468 3565 diversis
487 3498 595 3564 modis
614 3500 778 3564 tractatae
797 3499 931 3579 essent,
950 3497 1147 3579 Apollonius
1161 3498 1310 3564 Rhodius
1325 3495 1509 3564 laudandus

323 3627 398 3706 est,
423 3625 480 3706 qui
498 3624 626 3705 primus
649 3622 826 3689 materiem
849 3622 1115 3703 mythologicam.
1133 3622 1273 3704 antiquo
1295 3624 1388 3706 epico
1413 3616 1508 3689 modo

327 3748 523 3828 simpliciter
534 3752 570 3814 et
582 3751 727 3813 venuste
739 3746 890 3812 narravit
901 3746 951 3811 ita
962 3749 1002 3811 ut
1012 3747 1178 3813 rationem
1190 3746 1330 3830 dicendi,
1343 3758 1509 3828 eompara-
1532 3786 1538 3792 -

324 3854 456 3945 tiones,
484 3872 592 3938 multa
625 3872 690 3937 alia
718 3872 760 3937 ab
789 3870 936 3935 Homero
958 3884 1025 3933 non
1048 3869 1163 3935 servili
1186 3869 1283 3935 modo
1306 3861 1508 3935 derivaverit

327 3993 386 4060 sed
416 3994 607 4061 adiunxerit
627 3998 688 4060 aut
710 3992 881 4074 omiserit,
901 4007 987 4072 quae
1010 3992 1040 4056 ei
1064 3992 1195 4072 propria
1218 3996 1279 4057 aut
1300 4008 1321 4057 a
1344 4008 1380 4057 re
1402 3992 1506 4057 aliena

367 4241 395 4315 l)
418 4242 519 4307 donat,
540 4241 568 4298 la
588 4241 678 4315 poesie
698 4240 883 4299 Alexandrino
904 4255 967 4313 pag.
990 4238 1037 4308 66,
1060 4239 1109 4299 67.
