3300 5067
843 474 866 539 6

265 666 430 750 coloniae,
460 683 546 749 quae
568 666 763 750 metropolis
784 668 949 735 invidiam
970 670 1157 752 moverint,
1176 674 1214 737 et
1235 669 1447 753 splendidum

265 790 346 857 illud
368 792 550 857 anathema
573 807 595 856 a
616 790 701 857 Solis
722 790 790 857 filio
808 792 920 859 Aeeta
941 792 1151 861 custoditum
1169 794 1396 861 adorientem
1414 795 1448 880 1)

265 929 415 996 qnoque,
449 914 534 980 Solis
560 918 719 995 regnum,
749 915 937 998 pertinere,
966 917 1015 999 is,
1036 917 1095 997 qui
1117 918 1246 1000 mythis
1268 922 1303 985 et
1326 917 1449 985 fabulis

264 1036 502 1118 perspiciendis
531 1054 668 1120 operam
690 1038 838 1117 dederit,
863 1038 1009 1107 fortasse
1030 1056 1167 1107 mecum
1190 1043 1332 1109 statuet.

310 1160 535 1244 Mytbologiae
546 1167 662 1229 autern
673 1162 846 1246 proprium
856 1168 911 1230 est
923 1166 964 1232 nt
974 1181 1025 1247 ea,
1039 1181 1127 1246 quae
1138 1165 1299 1231 notabilia
1309 1164 1448 1231 fuerunt

266 1301 418 1366 quaeque
440 1302 500 1369 per
521 1286 681 1353 nonnulla
702 1286 836 1353 saeoma
857 1302 941 1370 gens
963 1288 1076 1369 aliqua
1097 1288 1207 1356 faeere
1217 1288 1447 1372 sentement,

265 1410 299 1474 in
329 1426 435 1476 unum
468 1410 662 1493 exemplum
695 1411 874 1477 contrabat
903 1413 941 1479 et
970 1412 1123 1495 neglecta
1156 1429 1271 1480 rernm
1301 1414 1448 1480 veritate

265 1535 418 1601 homines
436 1536 528 1617 ipsos
549 1550 731 1615 eorumque
749 1551 863 1602 mores
881 1536 1080 1604 illustriores
1097 1536 1210 1604 facim.
1234 1537 1306 1618 Qua
1316 1538 1449 1604 ratione

263 1694 401 1754 Oueiroor.
432 1696 465 1754 II
485 1717 492 1754 ε
515 1694 573 1755 154
602 1698 630 1754 et
659 1696 734 1753 Paus
763 1694 806 1753 IX
827 1716 835 1754 ε
856 1695 877 1754 C
897 1695 936 1753 22
967 1695 1012 1769 (de
1041 1695 1177 1755 hlerourio
1197 1700 1315 1764 κμοφδρῳ
1335 1698 1451 1769 patrono

264 1802 415 1876 peoudum,
443 1802 539 1863 deinde
561 1803 694 1877 pecuniae
720 1805 747 1861 et
770 1803 967 1874 mercaturae),
993 1802 1168 1877 'Ihrquitium
1188 1806 1279 1862 vatem
1299 1803 1450 1873 Etruscum

264 1910 296 1966 in
315 1908 452 1967 Macrobio
472 1910 583 1967 Satum.
604 1910 623 1967 3
644 1931 652 1968 :
674 1910 702 1969 7.

258 2091 260 2095 ι
303 2015 484 2089 Saganissime
513 2016 682 2075 demonstrat
710 2016 852 2077 Weiehert
876 2016 948 2074 hano
974 2016 1098 2075 fabulam
1117 2032 1173 2075 non
1192 2019 1315 2090 spectare
1333 2018 1369 2077 ad
1388 2018 1451 2078 the-

263 2136 360 2180 sauros
377 2122 406 2179 in
426 2122 492 2180 solis
511 2122 621 2195 regione
642 2123 782 2197 inventos,
803 2123 870 2197 quia
886 2123 996 2181 fabulae
1006 2122 1095 2196 ipsius
1108 2125 1303 2197 argumentum
1312 2124 1350 2183 sit
1359 2124 1450 2183 velus

262 2244 280 2286 e
310 2228 466 2298 Thessalia,
493 2228 650 2302 Minyarum
669 2229 792 2302 regione,
814 2228 845 2286 in
865 2228 995 2287 orientem
1016 2230 1247 2302 transportatum,
1269 2229 1343 2302 quod
1363 2229 1448 2289 Iason

264 2350 328 2392 eum
358 2334 438 2392 sooiis
469 2334 610 2394 revexerit.
639 2334 712 2394 Item
731 2334 813 2393 draeo
833 2337 861 2393 et
882 2333 990 2405 denas,
1012 2352 1084 2408 quae
1104 2334 1210 2393 semina
1230 2335 1356 2394 horrifica
1376 2335 1451 2395 viros

261 2444 383 2500 armatos
402 2444 565 2515 genuerunt,
586 2440 716 2501 Boeotios
735 2442 870 2501 elementa
890 2444 957 2500 sunt
976 2442 1005 2500 in
1026 2441 1181 2500 cololridem
1196 2442 1342 2501 translata.
1359 2443 1451 2512 Quare
1536 2476 1540 2489 ·

264 2546 347 2605 huius
377 2547 487 2607 fabulae
516 2548 592 2621 origo
621 2564 654 2606 ex
684 2548 735 2618 iis,
755 2564 826 2621 quae
846 2546 882 2605 ad
900 2547 1072 2605 Thessaliam
1092 2547 1256 2621 Minyasque
1275 2548 1447 2621 pertineant,

260 2654 424 2728 explicanda
444 2658 494 2713 est.

304 2762 374 2819 Sane
402 2778 486 2835 quam
513 2760 644 2835 inspicias
664 2761 748 2834 digna
768 2763 811 2820 est
830 2760 978 2834 expositio,
999 2776 1083 2833 quam
1103 2758 1139 2818 K
1159 2759 1192 2817 Ο.
1211 2758 1313 2819 bibliot
1333 2759 1451 2837 (Orcho-

263 2884 362 2927 menus
394 2867 563 2941 lot-171)
594 2869 627 2928 de
654 2867 811 2926 hominibus
841 2867 871 2925 in
901 2866 1012 2925 deornm
1039 2866 1168 2924 honorem
1188 2865 1317 2924 mactatis
1336 2866 1451 2939 attulit,

262 2990 351 3047 neque
371 2975 527 3047 negandum
547 2978 590 3033 est
608 2992 626 3032 a
645 2991 709 3047 rege
729 2974 899 3031 Athamante
918 2973 1023 3031 frustra
1042 2974 1180 3031 teumtum
1197 2971 1345 3031 liberorum
1363 2972 1452 3033 saeri-

263 3080 358 3138 fioium
377 3081 479 3139 fabulis
498 3081 531 3139 de
551 3081 646 3139 Phrixi
667 3081 734 3154 iuga
754 3080 905 3153 divulgatis
925 3079 1027 3153 partim
1047 3079 1173 3152 subesse,
1196 3078 1244 3137 md
1264 3078 1360 3152 opinor
1378 3079 1452 3138 hano

261 3184 373 3245 ‘fabulae
393 3187 528 3261 originem
547 3188 691 3246 evanuisse
711 3189 858 3261 postquam
879 3185 1001 3245 oolouiae
1022 3185 1171 3255 deductae,
1191 3184 1292 3244 itinera
1302 3185 1451 3257 maritima,

263 3294 456 3353 oommeroium
485 3295 596 3368 propria
615 3294 699 3352 huius
719 3294 807 3367 mythi
828 3293 963 3352 elementa
982 3292 1095 3351 fuerint.
1126 3292 1282 3352 Admodum
1303 3292 1377 3352 enim
1396 3293 1453 3351 mi-

264 3416 326 3457 rum
346 3402 401 3470 est,
423 3400 495 3474 quod
515 3401 587 3459 aries
608 3400 710 3459 Hellen
729 3402 756 3458 et
777 3399 912 3457 Phrixum
932 3398 1065 3458 sublimes
1083 3398 1175 3457 avexit
1193 3402 1223 3458 et
1243 3399 1338 3457 fabula
1354 3402 1452 3459 eontra

261 3506 342 3565 docet
370 3507 459 3565 vellus
488 3524 602 3566 aureum
622 3509 808 3580 reportatum,
829 3521 885 3563 non
904 3506 1004 3564 liberos
1023 3506 1115 3564 salros
1134 3504 1165 3561 in
1184 3504 1305 3581 patriam
1324 3505 1452 3565 reductos

261 3627 332 3669 esse.
351 3613 405 3671 Pro
424 3614 576 3673 Abrahami
596 3613 653 3671 filio
674 3616 702 3672 et
721 3630 770 3686 pro
791 3612 953 3686 Iphigenia,
974 3628 1044 3685 quae
1064 3613 1159 3684 postea
1181 3610 1260 3669 salva
1279 3611 1310 3669 in
1330 3610 1451 3687 patriam

262 3716 370 3775 Orestis
401 3721 429 3777 et
457 3720 570 3793 Pyladis
600 3736 650 3793 ope
681 3719 777 3791 rediit,
798 3735 900 3793 agnam
920 3720 948 3777 el
969 3734 1079 3777 carram
1097 3717 1202 3791 positas
1223 3733 1284 3775 esse
1303 3717 1452 3777 memoriae

263 3815 397 3881 traditum
417 3828 471 3895 est,
489 3842 560 3898 quae
579 3825 650 3883 'ratio
668 3826 750 3899 longe
771 3842 788 3883 a
807 3824 904 3883 Phrixi
924 3827 953 3883 et
973 3824 1071 3883 Helles
1089 3822 1251 3882 liberatione
1270 3823 1369 3881 differt

306 3954 336 4026 1)
368 3957 431 4017 Sine
461 3956 542 4016 dubio
572 3974 622 4032 pro
652 3960 725 4016 oerto
755 3956 849 4016 haberi
880 3959 970 4031 potest
999 3956 1089 4015 vellus
1119 3973 1234 4015 aureum
1262 3955 1453 4014 adorientem

263 4061 377 4137 thoaba
397 4062 471 4122 enim
491 4064 562 4121 Solis
581 4063 657 4122 filius
677 4066 730 4133 est)
751 4063 848 4123 referri
868 4063 981 4122 solitum
1002 4078 1071 4122 esse.
1090 4062 1222 4122 Materies
1238 4062 1454 4121 fabulaeadmo-

265 4168 331 4227 dum
361 4186 432 4242 vaga
462 4172 490 4228 et
519 4169 618 4228 diffusa
648 4170 721 4245 fuit,
751 4170 823 4244 quod
843 4186 899 4229 non
919 4169 1020 4229 litteris
1039 4170 1169 4229 mandata
1189 4172 1249 4229 erat
1268 4185 1358 4242 neque
1376 4169 1454 4228 oerta

262 4276 352 4336 forma
371 4276 503 4335 stabilita
