3300 5067
866 454 910 520 90

290 648 448 717 manibus
470 648 590 730 religat
611 647 721 714 crines
743 648 910 726 (36-52).
932 648 1089 732 Egregrie
1111 652 1148 715 et
1170 666 1292 732 magno
1314 650 1427 732 lepore
1451 648 1484 733 1)

290 772 488 856 Apollonius
516 773 618 838 finxit
646 771 863 855 colloquium,
888 789 954 854 quo
975 772 1094 840 Venus
1116 775 1303 856 nequitiam
1325 772 1484 856 queritur

289 897 407 963 lascivi
429 896 507 980 filii,
530 897 588 977 qui
608 895 730 962 manis
751 897 991 964 auctoritatem
1014 898 1110 978 parvi
1128 897 1231 964 faeiat
1247 898 1344 979 eique
1356 869 1484 964 minari

290 1036 545 1103 nonnumquam
567 1020 691 1086 audeat
711 1017 896 1108 (eo-100)
923 1024 960 1087 et
981 1020 1062 1088 deae
1081 1021 1260 1090 irridentes
1278 1037 1355 1088 eam
1365 1037 1483 1088 conso

290 1144 355 1210 lari
376 1116 557 1212 oenantur':
967 1123 970 1134 ’

579 1266 633 1332 καὶ
656 1265 700 1346 μή
722 1289 754 1330 τι
772 1265 954 1348 χαλέπτεο,
978 1269 1022 1344 μὴ
1047 1267 1205 1349 δ’ἐριῗαινε

447 1391 586 1473 χωομένη
608 1379 661 1472 eqd
674 1389 773 1455 παιδί·
798 1359 991 1468 μεταλλήξει
1013 1391 1075 1472 γὰρ
1096 1390 1219 1458 ὀπίσσω.

335 1518 599 1586 Pulehenimam
639 1516 881 1598 digressionem
920 1517 1063 1584 inseruit
1092 1517 1289 1602 Apollonius
1329 1517 1482 1604 (dignam

290 1641 510 1723 Hispaniensi
524 1641 651 1723 pictore
667 1637 810 1725 Mulillo)
821 1641 879 1706 ubl
890 1641 1035 1724 legimus
1046 1641 1185 1709 Erotem
1196 1647 1232 1709 et
1244 1641 1481 1724 Ganymedem

290 1767 369 1834 talis
391 1765 549 1833 ludentes
573 1767 637 1831 119
660 1782 749 1847 sep:

469 1886 522 1952 καὶ
543 1890 568 1967 ῥ’
590 1889 605 1952 ὃ
628 1888 686 1967 μὲν
707 1888 763 1964 ἤδη
785 1887 924 1965 ποὶμπαν
947 1887 1083 1954 ἐνίπλεον
1105 1883 1126 1970 ᾧ
1150 1889 1207 1954 ὑπὸ
1231 1887 1321 1971 μαζῷ

470 2011 590 2093 μαργος
613 2014 711 2093 Ἔρως
734 2011 823 2088 λαίιρς
846 2011 1015 2093 ὑποΐσχανε
1039 2014 1141 2095 χειρὸς
1164 2014 1312 2092 αχοστὸν,

475 2136 562 2219 ὀρθὸς
584 2136 752 2218 ἐφεστηώς·
777 2137 921 2216 γλυκερὸν
942 2137 977 2201 δὲ
999 2139 1025 2202 οἱ
1047 2137 1136 2220 ἀμφὶ
1159 2138 1291 2219 παρειὰς

470 2271 557 2344 χροιῇ
580 2260 700 2326 θάλλεν
724 2259 854 2341 ἔρευθος.
878 2258 892 2326 ὃ
914 2260 1079 2340 δ’ἕγγὺθεν
1102 2263 1228 2328 ὀκλαδὸν
1251 2259 1321 2336 ἧστο

470 2394 546 2466 σῖγα
569 2386 750 2469 κατηφιόων·
773 2386 841 2452 δοιὼ
864 2386 985 2469 δ’ἔχεν,
1012 2387 1107 2453 ἄλλον
1132 2388 1276 2462 ἔτάὔτος
1382 2476 1383 2482 ¹

472 2510 558 2592 ἄλλῳ
580 2510 763 2594 ε’πιπροιεὶς,
781 2512 938 2609 κεχόλωτο
960 2511 994 2576 δὲ
1016 2511 1236 2594 καγχαλόωντι

471 2631 524 2702 οιαὶ
546 2637 605 2714 μὴν
627 2634 695 2709 τούς
716 2659 755 2712 γε
779 2637 936 2717 παρῖοσσον
959 2635 1011 2700 ἐπὶ
1035 2636 1214 2717 προτέροισιν
1236 2636 1366 2710 ὀλέσσας

472 2762 514 2839 βῆ
535 2764 653 2834 κενεᾶις
675 2760 728 2826 σὺν
749 2760 855 2842 χερσὶν
878 2762 1060 2842 ἀμήχανος,
1084 2762 1259 2838 οὐδ’ἕνόνισεν

472 2886 585 2970 Κύπριν
609 2884 823 2966 ἐπιπλομένην.

337 3012 491 3095 Nequam
513 3017 549 3078 et
571 3013 720 3080 lascivus
742 3028 825 3092 puer
846 3029 867 3076 a
887 3015 996 3078 matre
1013 3015 1151 3093 rogatus
1173 3011 1326 3078 Medeam
1348 3012 1478 3080 Aeetae

294 3138 399 3204 liliam
432 3137 559 3220 sagitta
591 3153 788 3219 percussam
821 3153 934 3202 amore
963 3135 1090 3218 replere
1125 3136 1200 3204 vult
1229 3137 1384 3219 quidem,
1419 3132 1478 3201 sed

293 3265 396 3328 antea
428 3261 607 3343 sphaeram
640 3277 779 3326 auream
811 3259 921 3343 poseit
953 3264 1136 3339 amatre,
1158 3275 1243 3342 quae
1265 3257 1477 3327 iureiurando

292 3386 460 3470 petulanti
488 3385 556 3450 lilio
586 3383 758 3467 pollicetur
786 3401 824 3450 se
853 3385 1011 3450 daturam
1033 3401 1108 3450 esse
1131 3385 1162 3450 ei
1185 3385 1311 3451 donum
1333 3381 1477 3464 optabile

293 3517 474 3594 postquam
496 3525 635 3576 munere
656 3508 794 3574 functus
815 3509 871 3575 sit

339 3635 430 3716 Quae
453 3635 660 3716 sequuntur,
682 3633 783 3714 digua
805 3648 936 3714 quoque
958 3635 1056 3716 sunt,
1080 3648 1166 3714 quae
1189 3647 1374 3698 memorem
1386 3624 1479 3716 (154)

277 3827 492 3842 ..ι-

334 3947 365 4021 1)
385 3948 487 4006 Mirum
507 3946 642 4021 estquod
662 3945 748 4004 conat
767 3943 837 4002 dixit
856 3961 885 4018 p.
899 3944 967 4004 306.
992 3945 1066 4004 Lour
1086 3946 1186 4020 longue
1206 3949 1336 4006 entreme
1357 3947 1394 4006 du
1414 3945 1479 4006 troi-

292 4053 377 4113 sieme
406 4054 504 4124 ebant,
535 4053 571 4112 od
597 4053 626 4110 la
645 4051 757 4127 passion
775 4067 805 4110 se
825 4051 969 4110 dissimulo
988 4068 1053 4111 sous
1072 4053 1113 4112 les
1133 4053 1230 4112 dehors
1251 4054 1284 4113 de
1303 4055 1332 4112 la
1351 4054 1479 4128 politesse

291 4165 321 4221 et
345 4161 394 4220 dn·
408 4161 587 4220 saveir-vivre
606 4162 645 4233 (l)
664 4158 812 4218 ressemble
832 4157 895 4218 bien
916 4175 970 4232 pen
990 4175 1044 4218 aux
1064 4155 1259 4219 deliberatione
1278 4160 1479 4222 tumultuenses

292 4269 341 4328 des
361 4269 441 4328 diem
462 4267 495 4327 de
514 4267 634 4328 l’Iliade.
