3300 5067
864 459 928 526 128

305 641 390 724 dolis
421 659 459 724 et
491 654 654 722 lenocinio
684 653 748 719 Iris
773 657 810 721 et
831 652 964 732 Venus,
999 651 1139 727 Iunone,
1164 669 1231 718 non
1253 651 1409 719 Pronuba
1434 650 1497 719 ded

305 782 414 859 Lena,
438 780 574 846 iubente
593 777 782 844 amantium
791 778 995 844 lenocinium
1005 775 1143 842 iaciunt.
1166 774 1316 843 concedo
1327 791 1388 851 nos
1400 761 1496 860 apud

305 903 520 988 Apollonium
541 903 650 984 legere
675 901 816 980 Ἔρωτας
840 901 1007 984 virginem
1026 899 1205 967 sollicitare
1227 900 1288 966 sed
1305 900 1426 966 (tediis
1438 901 1497 967 vel

291 1027 431 1094 'divinis
463 1025 688 1109 potestatibus
709 1023 850 1090 minime
873 1023 1089 1105 cogitandum
1111 1025 1183 1090 est:
1206 1023 1330 1090 nom'en
1354 1023 1496 1103 Ἔρωτες

307 1150 475 1233 significat
497 1165 648 1216 amoram
669 1148 793 1231 ipsum.
816 1147 934 1215 Venus
952 1147 1095 1216 formam
1114 1146 1218 1214 circis
1236 1147 1356 1214 induta
1370 1148 1495 1231 virgini

305 1277 421 1342 narrat
440 1273 596 1340 Iasonem
617 1289 656 1338 se
677 1271 899 1338 adhortatum·
915 1275 1043 1338 esseut
1059 1269 1193 1337 Medeae
1211 1273 1493 1354 opomimpioret.
1596 1345 1597 1368 ξ

306 1400 424 1467 Venus
446 1398 538 1463 enim
559 1397 689 1463 Iasonis
712 1397 921 1464 mentionem
942 1395 1025 1462 facit
1046 1410 1112 1477 quo
1123 1394 1253 1478 puellae
1260 1396 1492 1480 persuadeat,

306 1527 347 1590 ut
368 1522 514 1606 patriam
534 1521 710 1603 relinquat

350 1646 522 1728 Quaenam
545 1662 648 1711 causa
668 1649 743 1712 erat
761 1662 821 1710 cur
832 1662 931 1728 opem
941 1644 1110 1710 veneficae
1121 1642 1261 1728 virginis
1273 1647 1386 1726 petere
1398 1644 1493 1710 vide

291 1765 860 1836 returIasonfortissimusheros?
880 1765 987 1835 Nulla
1011 1767 1492 1850 SedapparetMedeamnihil

306 1911 369 1960 siue
386 1895 506 1975 sponte
523 1892 663 1968 audere,
686 1896 824 1960 tantum
844 1910 920 1960 esse
939 1894 1206 1960 instrumentum
1224 1892 1329 1960 divini
1351 1893 1492 1959 sceleris
1596 1881 1597 1976 j

291 2016 363 2102 ror.
385 2015 487 2100 arat
509 2015 678 2098 Quomodo
706 2017 810 2100 igitur
840 2017 1066 2084 somnaruus
1098 2021 1135 2083 ot
1163 2016 1344 2084 remotus
1366 2015 1491 2082 torono

290 2140 566 2223 vdescriptionem
588 2141 802 2208 valerianam
825 2157 1028 2224 praeponere
1046 2141 1219 2224 potuerint
1230 2140 1490 2223 Apolloniensis,
1596 2187 1597 2204 2

294 2265 431 2347 nescio.
454 2265 590 2347 Omnia,
613 2282 699 2346 quae
722 2267 758 2332 in
780 2265 948 2347 Apollonii
969 2267 1117 2331 carmine
1139 2265 1320 2333 admodum
1330 2263 1492 2330 lectorem

307 2389 494 2472 delectant,
514 2388 603 2472 quod
627 2389 720 2472 virgo
743 2389 864 2456 timida
885 2392 922 2454 et
944 2388 1126 2456 rubicunda
1147 2388 1356 2455 medicamen
1378 2385 1491 2453 Iasoni
1596 2397 1597 2402 ’

292 2513 400 2580 -dedit
421 2529 566 2595 eumque
588 2513 664 2579 utili
684 2513 822 2580 oonsilio
843 2512 1021 2580 adhortata
1041 2517 1112 2595 est,
1137 2513 1196 2579 sed
1219 2530 1299 2580 mox
1322 2528 1359 2577 se
1379 2511 1491 2578 invita

307 2637 436 2703 sensim
479 2637 707 2718 paulatimque
750 2636 792 2702 de
837 2641 927 2703 sorte
972 2635 1132 2702 Ariadnis
1166 2651 1246 2702 eum
1275 2637 1489 2717 interrogans

305 2777 440 2828 omnem
470 2760 623 2827 animum
646 2757 747 2829 suurn
780 2763 929 2845 aperuit,
963 2759 1119 2828 Valerius
1141 2777 1208 2827 non
1231 2759 1350 2826 eodem
1371 2760 1489 2826 tenore
1596 2837 1597 2840 Ἴ

307 2886 344 2950 et
377 2883 605 2967 perpetuitate
634 2901 717 2951 usus
747 2885 859 2966 potius
888 2885 1086 2968 depravavit
1115 2901 1219 2967 quarn
1245 2885 1402 2950 imitatus
1425 2884 1488 2948 est

308 3007 386 3089 Ipsa
416 3008 507 3072 enim
535 3007 635 3074 durat
658 3006 787 3074 Iasonis
809 3025 921 3090 arma,
949 3007 1066 3073 deinde
1089 3024 1238 3074 amorem
1261 3007 1386 3089 aperit,
1410 3023 1489 3072 mox

308 3131 461 3197 draconis
478 3130 551 3196 vim
566 3130 768 3198 recordatur.
791 3130 1036 3213 Quaeabmpta
1047 3131 1171 3197 amoris
1182 3132 1329 3198 narratio
1340 3130 1490 3198 offendit.
1596 3117 1597 3124 ’

309 3253 411 3338 Apud
440 3252 654 3335 Apollonium
683 3258 825 3321 venerat
853 3252 983 3337 Medea,
1002 3258 1049 3321 -ut
1077 3255 1284 3320 medicamen
1303 3254 1408 3322 daret
1430 3253 1490 3320 sed

308 3394 390 3444 mcx
433 3377 549 3443 futura
581 3376 710 3444 Iasonis
742 3377 945 3461 profectione
978 3377 1103 3444 afflicta
1136 3394 1219 3444 ausa
1251 3383 1306 3445 est
1339 3395 1489 3445 amorem
1596 3369 1597 3372 ’

308 3501 469 3569 confiteri.
504 3501 611 3584 Igitur
642 3504 716 3568 tam
750 3502 860 3569 multa
893 3501 1016 3568 desunt
1045 3502 1079 3566 in
1101 3499 1280 3568 Valeriana
1302 3501 1431 3568 Iasonis
1453 3505 1490 3567 et

309 3625 445 3692 Medeae
478 3627 686 3708 expositione
720 3630 757 3692 et
791 3642 877 3707 quae
909 3623 1066 3692 Valerius
1095 3625 1250 3692 adiunxit
1272 3631 1487 3709 argumento,

308 3754 485 3831 tantopere
518 3749 685 3833 officiunt,
719 3753 760 3816 ut
791 3766 858 3816 non
891 3749 1037 3832 amplius
1069 3749 1109 3815 de
1131 3766 1170 3815 ea
1192 3765 1229 3815 re
1252 3754 1389 3818 acturus
1412 3751 1487 3818 sim.

310 3875 426 3941 Medea
459 3875 655 3942 interventu
695 3874 835 3940 dearum
868 3879 905 3940 ot
937 3873 1062 3940 Valerii
1095 3875 1243 3940 sinistris
1277 3875 1488 3958 significatio

310 4000 409 4065 nibus
436 3998 477 4063 de
510 3997 636 4064 intruis
670 3999 851 4064 sceleribus
885 3997 925 4064 fit
959 3998 1122 4066 ministra
1143 3998 1276 4066 divinae
1305 3999 1431 4065 fraudis
1453 4001 1487 4063 et

310 4121 469 4188 venefica.
927 4169 930 4176 .

353 4243 521 4326 Apollonii
538 4245 658 4312 Rhodii
676 4246 780 4328 igitur
798 4246 1027 4329 Argonautica
1038 4247 1163 4314 habent
1174 4247 1281 4314 multa
1293 4247 1485 4326 Homerica,
1596 4337 1597 4342 Ἰ
