3300 5067
157 742 306 811 Glaucus
319 745 445 810 sortem
454 737 609 809 Herculis
621 744 657 808 et
668 741 865 825 Polyphemi
877 739 1085 806 vaticinatus
1096 739 1219 804 nautas
1230 713 1343 805 conso

158 869 265 944 latur3
285 884 351 949 quo
370 867 500 933 factum
519 871 575 932 est
592 869 633 932 ut
644 864 852 932 confirmatis
863 865 986 930 animis
996 845 1155 945 navigare
1167 841 1345 945 pergerent

158 992 318 1072 omnique
339 990 495 1057 Herculis
517 1007 578 1074 per
601 1005 749 1056 errorem
767 988 875 1054 relicti
895 987 1034 1054 crimine
1046 987 1190 1054 absoluti
1202 987 1281 1052 sint.
1293 987 1343 1052 At

158 1116 364 1182 contrarium
376 1114 631 1183 fecitValerius.
643 1113 717 1179 Iam
727 1112 843 1181 monui
854 1111 1034 1178 Herculem
1046 1109 1179 1177 Diodori
1190 1108 1345 1194 exemplo

158 1242 275 1305 minus
296 1243 387 1304 recte
409 1238 442 1303 in
467 1237 572 1303 latino
594 1237 742 1302 carmine
765 1251 924 1317 persaepe
948 1233 1075 1318 primas
1097 1237 1212 1315 partes
1234 1250 1342 1314 agere.

159 1361 223 1429 Oui
253 1380 273 1429 a
295 1362 375 1428 Iove
396 1366 553 1428 nectareo
575 1377 649 1427 rore
671 1358 844 1440 consopito
864 1359 960 1424 visus
983 1360 1037 1423 θεῖ
1059 1355 1168 1440 Hylas
1189 1358 1231 1423 ab
1253 1357 1345 1424 unda

158 1502 198 1551 se
220 1485 335 1552 tollere
358 1501 500 1550 monens
522 1501 591 1550 sea
609 1484 759 1566 nympha
776 1484 914 1565 raptum
931 1481 1021 1548 hunc
1039 1481 1169 1547 fontem
1180 1480 1342 1567 hahitare,

159 1607 219 1675 sed
252 1607 430 1674 Herculem
466 1624 555 1674 nunc
591 1626 612 1672 a
644 1607 744 1673 sociis
777 1606 950 1672 desertum
984 1622 1064 1672 mox
1099 1607 1189 1673 caelo
1220 1605 1342 1673 adfore.

158 1733 303 1800 Gratam
324 1733 479 1798 umbram
501 1730 661 1814 amplecti
679 1707 821 1797 conatus
840 1747 920 1796 mox
938 1747 1091 1811 soporem
1102 1733 1138 1796 et
1149 1747 1236 1796 vano
1248 1747 1344 1812 spem

158 1860 329 1924 maestam
351 1855 474 1922 resolvi
496 1859 574 1922 actu
598 1854 705 1922 sentit
724 1854 822 1921 heros
845 1851 1056 1920 miserrimus
1080 1851 1135 1940 (of.
1162 1853 1227 1938 43).
1247 1827 1344 1936 'Quod

158 1979 271 2064 Hylas
288 1976 448 2045 vaticinio
467 1978 646 2046 Herculem
658 1976 850 2045 consolatur
862 1978 922 2044 sed
932 1977 1149 2059 Argonautae
1161 1964 1344 2044 etiamtum

157 2106 195 2171 in
231 2105 358 2169 incerto
393 2104 534 2169 haerent
567 2104 608 2170 de
643 2107 734 2170 sorte
756 2101 977 2169 infelicissimi
1000 2103 1097 2186 socii,
1121 2119 1224 2185 grave
1246 2103 1345 2169 doou·
1477 2104 1480 2110 '

158 2229 317 2294 mentum
336 2228 391 2292 est
408 2225 582 2292 Valerium
600 2227 635 2292 in
655 2227 802 2293 carmine
814 2244 875 2293 suo
886 2227 1081 2306 Herculem,
1103 2215 1206 2293 donec
1217 2227 1252 2292 in
1263 2244 1345 2293 nau·

159 2353 276 2416 tarum
294 2365 435 2415 numero
452 2350 522 2428 est,
541 2347 674 2415 Diodori
691 2350 845 2432 exemplo
865 2347 919 2435 (cf.
939 2349 1034 2416 Diod.
1054 2351 1172 2417 4:40:
1187 2349 1220 2437 1)
1238 2353 1345 2418 multo

160 2473 273 2555 magis
294 2488 410 2538 curare
434 2489 537 2553 quam
558 2473 775 2555 Argonautas
795 2475 897 2558 ipsos.
920 2473 968 2566 lu¹
981 2472 1107 2541 Valerii
1125 2476 1271 2541 carmine
1289 2475 1345 2542 illa

160 2593 346 2681 digressio,
369 2595 477 2678 quoad
499 2600 632 2681 spectat
653 2598 696 2664 ad
718 2599 873 2666 Herculis
895 2600 1004 2666 vitam
1026 2603 1062 2666 et
1084 2600 1229 2683 lahorcS,
1254 2603 1347 2666 teres

161 2724 265 2807 atque
286 2721 431 2788 rotunda
454 2724 509 2788 est
531 2722 591 2788 sed
612 2739 679 2789 non
697 2707 782 2789 satis
801 2724 957 2790 cohaeret
975 2742 1052 2790 cum
1071 2724 1346 2806 Argonautarum

161 2846 294 2912 itinere.
317 2845 516 2928 Apollonius
535 2850 775 2930 argumentum
792 2847 906 2929 ipsum
917 2853 953 2915 et
964 2848 1226 2931 perpetuitatem
1238 2849 1348 2931 magis

162 2975 261 3038 curat
281 2970 434 3048 Valerio,
459 2972 578 3038 1-57.

207 3094 334 3161 Deinde
367 3095 496 3162 diutius
529 3113 635 3179 aequo
669 3114 839 3169 moramur
871 3098 1025 3165 contione
1058 3097 1197 3164 deorum
1231 3098 1347 3164 delihe-
1484 3095 1487 3102 '

162 3219 313 3287 rentium
335 3221 452 3286 utrum
474 3219 591 3287 Troiae
613 3221 781 3288 excidium
800 3221 937 3289 Herculi
955 3239 999 3288 an
1017 3222 1130 3304 potius
1148 3221 1346 3289 mandarent

163 3323 402 3410 Prometheum
420 3344 565 3411 vinculis
585 3348 621 3412 et
639 3346 774 3413 vulture
792 3344 1011 3414 liberandum.
1034 3348 1107 3414 Hoc
1126 3364 1257 3430 quoque
1275 3347 1348 3413 loco

162 3466 306 3534 Latinus
329 3467 370 3532 de
392 3467 536 3534 Hercule
559 3468 763 3550 digressione
783 3469 871 3536 male
890 3487 973 3537 usus
991 3471 1176 3538 doctrinam
1194 3487 1291 3537 suam
1310 3472 1348 3535 et

165 3591 465 3676 mythologicarum
486 3610 600 3659 rerum
623 3594 801 3662 scientiam
824 3596 934 3678 magis
956 3596 1062 3662 iactat
1078 3611 1181 3677 quam
1200 3594 1347 3660 Alexan·

164 3716 280 3783 drinus
303 3715 446 3782 58-81.
740 3700 742 3703 ’

208 3836 336 3906 Deinde
354 3839 570 3921 Argonautae
589 3841 761 3924 appellunt
778 3859 902 3909 navem
920 3842 955 3908 in
975 3843 1140 3925 regionem
1158 3842 1348 3926 Bebryeum

165 3960 247 4047 (99),
271 3979 414 4044 quorum
436 3980 496 4028 rex
520 3966 674 4048 Amycus
696 3966 806 4048 legem
824 3965 1024 4033 instituerat
1038 3966 1156 4048 cuique
1175 3965 1348 4050 peregrino

165 4088 280 4170 digno,
314 4101 414 4168 quem
449 4092 598 4172 necaret,
633 4107 749 4156 secum
778 4089 975 4157 luctandum
999 4107 1085 4158 esse.
1118 4090 1187 4158 Nec
1210 4091 1347 4158 nomina

165 4227 228 4276 nec
260 4210 431 4291 regionem
464 4211 552 4278 unde
582 4213 756 4290 venerint,
790 4213 1002 4296 interrogans
1034 4231 1095 4280 rex
1124 4215 1346 4282 fortissimum

165 4350 279 4415 pugna
301 4335 460 4416 singulari
481 4336 627 4404 lacessit.
651 4338 804 4420 Amycus
823 4341 879 4404 est
896 4338 986 4404 filius
1005 4339 1167 4424 Neptuni,
1187 4339 1244 4421 qui
1264 4335 1347 4402 deus
