3300 5067
883 521 928 588 82

358 717 431 784 Nec
451 717 600 786 condicio
620 718 665 784 ab
685 718 795 784 Aeeta
816 716 988 801 proposita
1009 717 1150 784 minime
1168 715 1283 798 iniqua
1300 721 1376 784 erat
1390 735 1507 802 neque

316 842 457 908 decebat
488 840 643 908 Iasonem
675 839 822 908 inscium
854 845 953 908 astus
982 856 1113 923 pugnas
1135 841 1312 923 tantopere
1333 844 1507 910 exsecrari

316 965 359 1033 or.
382 965 459 1032 545.
492 965 590 1032 Iason
624 964 800 1032 Castorem
820 965 932 1032 mittit
953 968 993 1030 ut
1015 965 1233 1046 Argonautas
1253 968 1418 1044 arcessat,
1445 968 1505 1048 qui

316 1088 359 1156 de
386 1089 551 1156 sociorum
583 1089 696 1156 salute
727 1089 946 1171 desperantes
979 1086 1118 1154 Castore
1147 1088 1218 1154 solo
1248 1087 1324 1155 viso
1346 1089 1505 1156 exterriti

317 1217 401 1280 sunt
430 1213 491 1279 sed
519 1213 601 1279 laeti
630 1212 774 1281 audiunt
802 1227 917 1294 regem
939 1211 1085 1278 ferocem
1106 1227 1174 1278 non
1197 1227 1283 1278 esse.
1317 1212 1505 1281 Prosilinnt

317 1338 458 1404 iuvenes
470 1342 508 1405 et
518 1336 645 1403 animis
655 1337 802 1404 firmatis
811 1335 1032 1419 experiuntur
1046 1337 1095 1422 „si
1103 1337 1173 1404 tela
1183 1341 1346 1418 artusque
1358 1355 1505 1421 sequan-

317 1459 406 1527 tur”.
446 1459 574 1541 Quibus
607 1461 693 1526 visis
725 1461 853 1527 Aeetae
886 1459 1019 1526 mavrdt
1052 1461 1187 1526 bostem
1209 1461 1339 1528 medios
1360 1467 1505 1544 penates

317 1585 462 1651 subiisse
490 1601 595 1664 quam
623 1585 732 1650 socios
759 1586 858 1650 tanta
887 1584 1017 1650 virtute
1047 1589 1084 1652 et
1112 1584 1504 1653 tantafortitudine.1n

317 1708 540 1790 digressione,
575 1725 663 1788 quae
696 1708 866 1789 sequitur,
895 1708 1020 1774 iterum
1050 1723 1153 1774 coena
1175 1708 1293 1774 ecdem
1316 1711 1505 1792 modoque

316 1834 449 1897 ceterae
480 1830 648 1913 descripta
676 1835 731 1897 est
763 1832 960 1914 aValerio,
993 1832 1051 1912 qm·
1075 1832 1202 1898 multos
1223 1832 1355 1899 Aeetae
1376 1836 1506 1901 amicos

317 1955 414 2020 miris
434 1955 540 2021 armis
561 1961 599 2022 et
620 1957 839 2024 vestimentis
860 1957 1055 2038 conspicuos
1076 1958 1255 2022 enumerat
1276 1957 1467 2026 558-617.

361 2077 446 2144 Fece
479 2080 571 2146 Mars
605 2081 699 2146 videt
730 2082 948 2162 Argonautas
977 2079 1012 2146 in
1036 2077 1224 2146 Colchidem
1246 2079 1447 2158 advenisse,
1469 2086 1505 2146 et

317 2219 432 2285 regem
450 2204 494 2269 ab
511 2204 632 2270 Iasone
649 2206 828 2270 exoratum
847 2202 956 2270 rebus
973 2219 1114 2268 aureum
1124 2204 1327 2285 promisisse.
1352 2207 1502 2273 Maxima

317 2327 369 2393 ira
389 2328 548 2393 incensus
569 2328 755 2409 interrogat
775 2327 891 2394 Iovem
914 2331 1039 2408 questu
1056 2327 1193 2410 acerbo,
1215 2329 1501 2410 quoilludfoedus

318 2451 362 2517 ab
393 2452 601 2533 Argonautis
634 2469 713 2518 cum
742 2468 822 2534 rege
854 2451 979 2517 initum
1011 2451 1198 2532 pertineat:
1234 2454 1271 2518 et
1299 2453 1445 2520 Graecos
1467 2455 1502 2518 et

318 2572 457 2642 Persem
476 2576 540 2642 sibi
558 2576 712 2642 inimicos
728 2590 805 2641 esse
820 2574 1031 2657 (446—557).
1042 2575 1295 2658 Argumentum
1305 2577 1501 2644 intricatum

318 2716 396 2766 esse
416 2704 518 2781 poeta
539 2699 612 2782 ipse
634 2700 741 2766 docet

362 2824 526 2892 Iunonem
556 2824 684 2891 laedere
717 2839 785 2889 non
817 2841 923 2891 ausus
952 2824 1138 2890 minacibus
1168 2825 1286 2909 iurgiis
1314 2826 1500 2893 Minervam

318 2948 486 3030 increpat:
509 2965 593 3015 num
614 2965 653 3014 se
671 2941 819 3014 ¹fortasse
842 2948 955 3014 minus
977 2947 1106 3030 valere,
1129 2950 1218 3030 quod
1239 2949 1314 3016 luco
1336 2951 1500 3016 etumbra

319 3086 428 3151 neque
449 3071 586 3153 templis
608 3070 761 3137 colatur?
788 3070 903 3154 Pergit
924 3071 967 3137 ad
988 3071 1121 3139 Iovem:

833 3201 890 3262 ast
912 3213 973 3278 ego
990 3197 1079 3263 clara
1100 3190 1259 3281 Mycenes
1401 3197 1402 3200 ’

429 3317 595 3394 culmina,
618 3318 788 3401 virgineas
808 3319 948 3402 praeder
971 3320 1001 3385 si
1023 3319 1178 3403 cecropis
1200 3337 1313 3404 arces,

430 3443 499 3508 iam
521 3441 685 3518 coniunx,
707 3443 777 3508 iam
798 3447 835 3508 te
856 3444 987 3526 gemitu
1005 3445 1218 3525 lacrimisque
1239 3446 1369 3513 tenebit

430 3569 512 3632 nata
533 3582 687 3646 querens.
711 3566 867 3633 Metuant
888 3584 967 3649 ergo
989 3584 1051 3634 nec
1072 3569 1154 3635 talia
1175 3575 1335 3655 poscant,

320 3690 489 3774 significat
506 3691 651 3757 Romam
669 3693 841 3756 aeternam
859 3695 977 3773 postea
994 3691 1212 3758 subacturam
1228 3709 1304 3759 esse
1316 3693 1497 3761 Graeciam.

319 3813 410 3880 Num
439 3815 713 3896 Argonautarum
742 3815 809 3880 iter
838 3832 940 3881 causa
968 3815 1034 3882 fmt
1063 3832 1123 3881 cur
1152 3816 1297 3883 Romam
1317 3817 1497 3899 legionibus

319 3942 356 4004 et
384 3937 564 4019 prudentia
593 3937 734 4004 Graecia
762 3937 863 4018 potiti
894 3937 988 4005 sint?
1021 3937 1106 4004 Cum
1139 3939 1180 4004 de
1209 3939 1308 4007 Troia
1329 3945 1495 4008 certamen

320 4061 400 4144 erit,
419 4062 511 4128 Mars
528 4080 566 4129 ee
585 4063 700 4144 ipsum
715 4065 807 4127 recte
822 4062 984 4128 consolari
994 4062 1136 4143 poterit,
1155 4063 1243 4144 quod
1253 4061 1409 4130 Dardana
1419 4075 1497 4146 gens

320 4190 396 4252 tum
419 4184 553 4251 inferior
573 4189 693 4268 postea
715 4186 830 4251 orbem
852 4189 1019 4252 terrarum
1041 4187 1221 4253 subactura
1245 4187 1291 4252 sit
1314 4182 1494 4253 617-648.

363 4307 526 4374 Fremens
545 4308 772 4390 indignatione
788 4308 897 4390 surgit
912 4307 1021 4374 Pallas
1038 4312 1075 4375 et
1090 4310 1198 4376 multa
1208 4309 1359 4378 conuicia
1369 4312 1404 4377 'm
1415 4309 1495 4377 biar-
