3300 5067
819 493 864 560 98

252 689 311 757 sed
340 690 407 756 iter
435 688 567 771 ipsum,
596 703 800 771 quamquam
830 687 962 756 fabulae
984 688 1102 756 nativa
1122 687 1231 754 forma
1252 687 1435 756 admodum

251 818 386 882 mnata
406 815 477 892 est,
499 813 670 897 proprium
690 815 930 895 argumentum
952 812 1089 880 mansit.
1113 811 1205 895 Opus
1225 813 1342 880 autem
1360 831 1436 897 por·

250 941 392 1020 potuum
411 941 448 1004 et
457 938 542 1003 bene
553 937 733 1002 cohaerens
742 935 857 1002 effecit
868 935 1064 1019 Apollonius
1075 935 1337 1019 digressionibus
1347 941 1436 1005 tere·

250 1060 343 1127 tibus
353 1064 391 1127 et
404 1059 556 1128 rotundis
567 1059 714 1127 veritate
724 1075 791 1126 non
802 1059 917 1126 minus
928 1075 1030 1140 quam
1041 1057 1230 1142 simplicate
1240 1059 1433 1143 descriptis,

250 1183 369 1250 deinde
382 1185 477 1269 opica
487 1185 617 1252 ratione
628 1181 824 1265 Homerica,
841 1198 927 1264 quae
938 1182 982 1249 ad
991 1167 1137 1249 vehuste
1149 1182 1354 1250 narrandum
1365 1199 1436 1250 ma·

251 1307 343 1376 xime
365 1309 506 1393 profuit,
530 1311 567 1375 et
587 1308 814 1375 moderatione
833 1325 872 1374 aa
890 1309 976 1374 hono
994 1323 1114 1390 sensu,
1133 1285 1436 1390 quo'omniaasua

249 1438 364 1502 aetate
380 1440 417 1503 et
435 1435 566 1518 poetico
585 1451 648 1500 suo
663 1432 796 1515 ingenio
806 1431 915 1499 aliona
925 1431 1049 1499 omisit.
1074 1431 1232 1499 Studium
1243 1431 1433 1514 aequalium

250 1575 316 1640 quo
350 1557 590 1632 Callimachus,
624 1555 791 1638 Apollonii
820 1554 977 1622 inimicus
1006 1559 1042 1621 et
1059 1554 1275 1621 adversamus
1296 1559 1433 1622 auctore

250 1682 428 1748 Athenaeo
454 1679 609 1747 [11:284
632 1679 666 1742 τὸ
689 1677 777 1756 μέγα
799 1675 923 1756 βίβλων
943 1677 1002 1742 ἴσον
1022 1676 1128 1755 ἔλεγεν
1147 1673 1223 1742 εἶναι
1241 1677 1284 1758 τῷ
1302 1675 1435 1758 μεγάλῳ

249 1804 331 1886 κακῷ
354 1810 390 1872 el
412 1821 477 1888 quo
500 1823 604 1888 parva
626 1804 770 1871 Erinnae
793 1807 950 1888 poemata
971 1805 1007 1871 in
1029 1820 1151 1886 magno
1174 1805 1298 1870 honore
1317 1805 1432 1887 erant,

249 1929 423 2013 Apollonio
449 1930 521 1995 sine
544 1929 643 1996 dubio
665 1928 853 1996 maximam
875 1929 1060 1995 utilitatem
1082 1925 1202 1995 attulit
1224 1928 1267 1994 ad
1289 1929 1374 1995 hene
1396 1932 1434 1994 et

250 2056 405 2118 accmate
415 2053 638 2136 digressiones
652 2052 895 2120 describendae.
918 2050 1435 2134 NequeOouatnequellahaffy

250 2177 336 2244 hanc
358 2176 570 2260 Apolloniani
592 2177 750 2244 carminis
772 2177 938 2245 virtutem
957 2175 1043 2242 satis
1066 2174 1297 2242 laudaverint.

294 2302 490 2384 Antequam
511 2300 647 2368 Medeae
669 2301 705 2367 in
727 2300 884 2366 Iasonem
905 2314 1055 2366 amorem
1077 2303 1274 2366 nascentem
1296 2315 1436 2366 narrare

250 2442 403 2509 pergam,
415 2443 482 2492 non
492 2442 633 2509 possum
644 2425 724 2508 quin
737 2424 901 2506 prioribus
912 2423 1075 2506 laudatis,
1088 2423 1209 2505 quihus
1221 2423 1334 2491 studia
1343 2426 1431 2492 tem·

249 2549 339 2632 poris
358 2549 426 2615 iam
437 2547 492 2614 hic
502 2553 605 2630 atque
616 2547 684 2614 illic
695 2547 903 2632 apparuerit,
927 2546 970 2612 ad
981 2547 1065 2613 hene
1076 2547 1279 2628 singularem
1290 2563 1437 2630 sequen-

249 2675 296 2741 tis
307 2673 524 2756 digressionis
534 2673 698 2740 virtutem
709 2671 976 2754 intelligendam,
994 2671 1240 2748 demonstrem,
1256 2671 1438 2753 quomodo

250 2798 404 2863 omnihus
421 2797 518 2863 bonis
536 2800 574 2863 et
590 2797 698 2878 gratis
716 2798 834 2878 rebus,
854 2813 940 2877 quae
958 2795 1261 2879 Alexandrinomm
1280 2797 1438 2879 propriae·

250 2921 337 3004 sint,
367 2920 563 3003 Apollonius
593 2920 635 2985 ad
664 2936 798 2987 carmen
833 2920 1098 3002 componendum
1129 2936 1212 2986 usus
1235 2919 1282 2986 sit
1303 2919 1367 3004 ita,
1390 2924 1438 2987 ut

249 3044 475 3126 Argonautica
494 3044 563 3110 sint
580 3044 776 3127 exemplum
785 3045 938 3111 omnium
949 3045 1136 3127 virtutum,
1154 3045 1276 3127 quihus
1287 3044 1436 3110 Alexan·

249 3168 336 3235 drini
362 3165 600 3234 excelluerunt.
632 3169 687 3234 Ah
716 3168 936 3250 Apolloniaua
965 3173 1082 3236 autem
1111 3169 1240 3235 ratione
1263 3166 1441 3236 nonnullis.-

248 3293 328 3360 loois
361 3291 512 3372 exceptis
545 3290 641 3374 longe
675 3293 800 3359 absunt
833 3308 874 3358 aa
896 3291 1025 3374 omnia,
1061 3291 1183 3374 quihus
1204 3291 1431 3358 Alexandrina

248 3417 359 3498 poesis
378 3415 466 3482 male
486 3415 626 3483 audivit.
649 3416 715 3483 Uhi
734 3417 825 3482 enim
843 3433 899 3482 res
910 3415 1117 3499 postulabat,
1138 3415 1290 3482 adhibuit
1299 3431 1437 3499 geogr-a·-

248 3525 380 3623 phioam
414 3543 451 3606 et
485 3539 680 3606 historicam
709 3540 914 3624 doctrinam,
946 3556 1048 3621 quam
1070 3539 1204 3606 ornavit
1226 3539 1437 3606 amoenitate

248 3665 389 3729 naturae
412 3661 443 3747 1)
467 3663 552 3729 libro
574 3663 718 3730 secundo
740 3665 933 3746 gratissime
951 3663 1128 3745 descripta.
1165 3659 1342 3729 Praeterea
1363 3678 1433 3728 non

288 3971 317 4046 1)
338 3973 379 4032 df.
400 3973 521 4047 llahaffy
545 3971 614 4033 243.
635 3973 674 4033 Oi
690 3974 815 4034 Philetas
831 3991 872 4035 we
882 3991 933 4034 can
943 3977 1018 4033 traca
1026 3977 1075 4033 not
1085 3974 1149 4049 only
1159 3975 1188 4033 in
1198 3975 1254 4033 this
1264 3975 1436 4050 fragments,

246 4080 297 4138 but
316 4079 375 4137 still
395 4096 469 4138 more
488 4079 517 4137 in
539 4078 584 4138 his
603 4081 682 4156 pupil
701 4080 862 4140 Theocritus
882 4081 945 4140 that
963 4080 1070 4139 bucolic
1088 4080 1168 4153 vain,
1189 4081 1250 4140 that
1265 4083 1326 4140 love
1341 4079 1372 4141 of
1384 4071 1444 4141 the

247 4187 362 4259 country
382 4185 437 4244 and
453 4185 484 4244 of
495 4187 620 4244 ertemal
628 4189 740 4262 nature,
756 4186 846 4246 which
857 4203 912 4245 was
922 4186 1056 4260 certainly
1065 4187 1226 4262 wantingin
1236 4187 1435 4247 Callimachus.

286 4291 364 4362 Quod
383 4291 517 4350 iudicium
535 4291 646 4351 laudavi
663 4296 695 4351 ut
710 4292 885 4367 intelligatur
892 4292 995 4352 multos
1004 4292 1203 4352 Alexandrinos
1212 4295 1306 4367 poetas
1315 4294 1438 4354 naturae
