3300 5067
792 514 836 581 53

217 713 393 780 doctrinae
417 711 679 777 ostentationem
702 710 900 793 exprobrare
922 710 1072 792 plerique
1095 711 1213 777 solent.
1236 709 1407 793 Imprimis

221 839 286 904 hoo
296 839 437 919 apparet
448 852 548 917 exeo,
559 834 645 916 quod
657 832 1173 917 rebusininsulaLemnogestis
1182 838 1407 902 tamvenuste

222 968 261 1029 et
274 961 481 1045 simpliciter
503 960 650 1027 narratis
670 959 835 1042 mysteria
846 958 1079 1025 Samothracia
1089 961 1197 1026 obiter
1207 976 1408 1027 commemo·

221 1087 323 1153 ravit.
344 1084 451 1152 Caede
469 1083 651 1151 aLemniis
662 1084 823 1150 uxoribus
833 1084 903 1149 iam
915 1084 1050 1166 saepius
1060 1084 1229 1167 descripta
1239 1088 1360 1167 poetae
1371 1087 1407 1150 et

222 1209 462 1307 mythographi
485 1206 702 1273 nihilominus
727 1206 880 1274 dubitare
899 1207 1052 1273 solebant
1063 1211 1179 1273 utrum
1191 1210 1408 1291 Argonautae

223 1334 267 1401 ad
281 1332 373 1399 illam
384 1332 532 1398 insulam
542 1331 754 1413 appulissent
764 1347 888 1397 navem
900 1347 1015 1396 neone.
1027 1330 1192 1397 Pindarus
1205 1316 1317 1414 (Pyth.
1336 1329 1386 1398 IV
1399 1350 1407 1395 z

223 1457 290 1523 att
313 1456 365 1523 ed.
389 1454 528 1539 Christ.)
551 1455 642 1521 enim
665 1454 834 1521 Lemnum
856 1455 1072 1537 Argonautas
1083 1454 1263 1521 redeuntes
1273 1456 1409 1523 ventsse

221 1581 335 1659 finxit,
358 1580 445 1662 quod
469 1578 704 1646 Battiadarum
727 1578 819 1661 origo
837 1578 904 1645 fuit
918 1595 1013 1645 amor
1023 1578 1190 1661 Euphemi
1202 1584 1238 1645 et
1250 1578 1415 1645 Lemniae

221 1705 307 1772 civis
330 1708 366 1771 et
387 1704 501 1786 aptius
523 1703 554 1769 ei
577 1702 691 1769 visum
713 1706 768 1768 est
789 1702 851 1768 hoo
874 1702 1116 1784 gravissimum
1137 1702 1267 1769 sactum
1286 1704 1321 1769 in
1340 1704 1407 1770 fine

222 1828 306 1895 oriae
340 1828 505 1894 collocare.
541 1826 588 1893 cf.
627 1842 757 1907 quoque
787 1825 895 1891 Sohol.
918 1826 955 1891 in
976 1829 1042 1907 Ap.
1066 1826 1173 1893 Rhod.
1199 1828 1215 1893 1
1242 1844 1251 1892 :
1274 1828 1350 1893 615.
1377 1824 1413 1911 1)·

242 1939 325 2013 ’τῶν
357 1948 391 2013 δὲ
425 1946 526 2013 ἄλλον
561 1946 745 2029 ἱστορούντων
775 1946 820 2013 ὅτι
855 1946 939 2013 κατὰ
970 1946 1063 2028 χόλον
1084 1957 1139 2024 τῆς
1162 1949 1349 2031 ’Δφροδίσνς
1372 1951 1435 2015 αἱ.

223 2071 402 2151 Λημνιάδες
425 2071 567 2150 δύσοσμον
590 2072 742 2150 ἐγένοντο,
777 2071 930 2153 Μυρσίλος
953 2073 983 2136 ἐν
1007 2072 1111 2154 πρώτῳ
1134 2072 1317 2150 Λεσβνοοκῶν
1340 2073 1407 2139 δια-

223 2196 355 2279 Φέοεσαν
377 2197 432 2262 καί
453 2202 529 2279 Φνσν
553 2198 605 2273 σὴν
628 2196 767 2271 Μήδειαν
789 2198 1029 2277 παραπλέουσαν
1051 2196 1104 2261 διὰ
1126 2194 1312 2276 ζηλοτυπίαν
1323 2201 1414 2278 ῥῖψαο

223 2320 269 2394 εἷς
299 2320 351 2395 τὴν
381 2330 502 2400 Λῆμνον
525 2320 706 2404 Φάρμακον,
729 2320 780 2386 καὶ
805 2321 972 2400 δυσοσμίαν
994 2319 1143 2400 γενέσθαι
1168 2327 1239 2395 ταῖς
1261 2320 1413 2399 γυναιξίν.

222 2446 421 2513 Theocritus
454 2448 558 2514 xlii:
591 2448 652 2531 29,
682 2449 740 2530 qui
769 2448 902 2515 circiter
932 2448 1175 2530 quinquaginta
1208 2448 1307 2514 annis
1329 2451 1410 2515 ante

222 2570 439 2652 Apollonium
468 2572 581 2639 floruit
609 2572 693 2638 nihil
723 2573 763 2638 de
793 2589 834 2638 ea
864 2590 900 2638 re
931 2571 1224 2639 commemoravit:
1247 2570 1352 2635 notaui
1375 2570 1414 2635 δὲ

202 2690 463 2767 ααθνδοοθένσες
483 2693 515 2768 ἐς
533 2694 634 2775 Ἀργὼ
654 2693 882 2759 Ἐλλοὶσσονσον
902 2692 994 2759 ἵκοντο
1011 2692 1099 2774 Νότῳ
1109 2692 1206 2774 τρίτον
1216 2687 1303 2776 ἆμαρ
1314 2692 1408 2759 litura

223 2818 387 2886 Diodorus
408 2820 587 2903 appulsum
609 2820 652 2887 ad
674 2819 841 2887 Lemnum
863 2820 997 2904 omisit,
1018 2821 1105 2901 quod
1116 2821 1295 2898 Heredes,
1313 2822 1410 2887 ouius

224 2960 327 3010 causa
360 2944 589 3025 Argonautica
622 2944 782 3028 inseruit,
810 2944 929 3010 Lemni
952 2946 1034 3011 nihil
1056 2945 1270 3011 memorabile
1293 2945 1409 3029 gessit.

223 3067 342 3149 Aeque
371 3067 553 3151 Dionysius
575 3068 799 3149 Mytilenaeus
822 3068 938 3135 omisit
958 3069 1137 3151 adpulsum
1159 3068 1203 3134 ad
1223 3068 1414 3151 Lemnum,

222 3208 285 3273 pro
306 3208 373 3271 qua
390 3191 500 3257 insula
512 3192 626 3273 posuit
636 3191 877 3258 Samothraoen
889 3193 1128 3275 mystelr’orum
1140 3193 1409 3259 celebrandorum

223 3330 343 3397 eausa,
375 3315 497 3395 quibus
519 3315 673 3381 initiatus
695 3320 769 3382 erat
791 3316 943 3397 Orpheus
966 3314 1020 3402 2),
1046 3317 1104 3398 qui
1124 3316 1267 3400 procella
1298 3320 1416 3381 coorta

222 3438 379 3520 precibus
397 3438 468 3505 suis
487 3438 702 3521 Argonautas
721 3443 926 3505 servaverat.
949 3438 1162 3521 Dionysium,
1181 3440 1239 3519 qui
1257 3454 1286 3503 e.
1305 3438 1416 3503 a100

223 3562 389 3638 floruerit,
412 3561 498 3627 hano
520 3578 593 3629 rem
612 3578 678 3628 non
701 3562 842 3628 finxisse
864 3561 924 3628 sed
946 3561 1104 3644 Apollinii
1121 3560 1241 3627 Rhodii
1260 3564 1415 3642 tempore

224 3684 329 3751 talem
359 3684 506 3752 labriam
528 3686 597 3751 iam
619 3686 795 3752 exstitisse
817 3688 890 3753 veri
912 3686 1120 3753 simillimum
1143 3690 1199 3752 est
1220 3686 1411 3766 reputanti,

225 3810 262 3873 in
295 3813 422 3891 quanto
456 3810 580 3875 honore
616 3808 757 3891 Orphica
780 3809 946 3892 mysteria
968 3809 1094 3875 tuerint
1117 3809 1210 3874 cultu
1232 3816 1269 3874 et
1291 3811 1411 3876 vatum

225 3934 438 4030 carminibus.
462 3932 692 3999 Samothracia
702 3936 818 3999 autem
836 3932 1054 4040 mysteriaad
1067 3936 1333 4014 tempususque,
1345 3950 1411 4014 quo

267 4080 297 4161 1)
324 4084 394 4143 Mire
419 4082 533 4142 Stender
559 4099 623 4157 pag.
652 4082 706 4141 35:
735 4099 799 4141 oum
822 4084 897 4141 enim
923 4100 939 4141 o
959 4084 1046 4157 stirpe
1066 4082 1175 4142 Iasonis
1194 4086 1223 4141 ot
1242 4083 1412 4158 Hypsipylae

223 4163 332 4223 insulae
351 4164 463 4237 reginae
483 4163 508 4221 is
528 4162 661 4236 originem
681 4163 804 4222 duxisset
824 4163 858 4221 de
877 4179 940 4236 quo.
958 4164 1096 4237 agendum
1115 4168 1211 4237 poetae
1231 4168 1337 4223 erat...
1359 4168 1411 4223 eta

224 4241 300 4382 ent}
317 4243 520 4395 llijflrgorug'hlilo
537 4242 699 4381 {ltroplrlrellillio
718 4244 853 4302 nonnulla
873 4242 993 4317 Orphioa
1009 4245 1133 4302 narrarit
1153 4244 1173 4300 4
1191 4264 1199 4302 ι
1215 4242 1256 4302 ta
1275 4265 1283 4302 :
1300 4245 1329 4314 5,
1347 4245 1376 4321 6,
1394 4245 1411 4301 7
