3300 5067
443 731 520 804 αὐτη
541 734 589 794 νῦν
610 728 753 809 κόματόν
773 755 831 808 γε,
855 728 935 806 θεοί,
957 731 1009 795 καί
1031 731 1122 806 δήνεα
1143 731 1244 812 κοόρης

443 848 599 937 Κολχίδος
621 853 741 929 ἔννεπε,
764 859 893 931 Μοῦσα,
917 856 988 928 Διὸς
1009 855 1106 927 τόκος.

264 999 427 1049 versuum
459 982 566 1065 3-5,
602 981 703 1047 lectio
735 998 802 1047 non
836 985 972 1048 constat
994 979 1050 1066 (cs.
1073 982 1124 1046 ed.
1147 981 1297 1065 Merkel).
1327 981 1453 1048 liiram

264 1106 525 1189 dubitationem,
559 1122 625 1187 quo
659 1105 795 1171 nomine
829 1105 970 1187 virginis
1003 1104 1094 1171 lacta
1124 1106 1293 1187 nominet,
1326 1104 1452 1171 refellit
1557 1084 1560 1090 ⁵

261 1234 363 1314 poeta
383 1230 457 1312 ipse
478 1247 581 1296 versu
605 1230 665 1310 40,
689 1229 746 1295 ubi
769 1229 920 1313 epitheto
945 1226 1106 1309 ἱμερόεσσα
1131 1247 1216 1296 usus
1238 1231 1303 1295 est.

308 1354 431 1438 Nocte,
453 1371 539 1436 quae
562 1354 732 1435 sequitur,
751 1353 846 1436 virgo
867 1353 954 1420 iram
974 1353 1173 1420 ferocissimi
1191 1353 1321 1420 Aeetae
1339 1351 1452 1419 verita

263 1480 381 1547 tremit
401 1484 443 1546 nt
460 1495 561 1545 cerva
578 1477 614 1544 in
634 1477 782 1544 nemoris
800 1477 950 1544 dumetis
969 1495 1092 1545 canum
1109 1478 1236 1545 latratu
1255 1480 1374 1559 pavet,
1395 1478 1451 1543 et:

419 1600 529 1683 τόρόει
552 1598 782 1679 δὀίμφιπόλους
804 1597 977 1680 ἐπιίστορας
1000 1601 1030 1664 ἕν
1053 1599 1086 1664 δέ
1110 1599 1136 1663 ol
1157 1597 1226 1664 όσσε

420 1734 518 1800 πλῆτο
541 1725 649 1805 πυρός,
672 1723 763 1788 δεινόν
783 1722 818 1787 δὲ
841 1723 1092 1806 περιβρομέεσκον
1113 1721 1232 1789 σίκουαί.

420 1850 519 1915 πυκνός
541 1850 575 1915 δὲ
598 1848 762 1925 λαυκανίης
783 1849 1004 1928 ἐπεμάσσατο,
1030 1849 1130 1914 πυκνόν
1153 1849 1187 1914 δὲ
1210 1845 1308 1928 κουρὶξ

421 1973 565 2052 ἑλκομένη
587 1973 765 2052 πλοκοίμους
787 1983 874 2056 γοερῇ
897 1974 1072 2056 βρυχήσατ’
1096 1973 1172 2054 οίνίη.

307 2100 437 2167 Iterum
453 2117 624 2166 venenum
634 2101 855 2184 degustatum
865 2101 1003 2168 lunonis
1014 2099 1152 2167 consilia
1162 2104 1236 2166 erat
1246 2098 1453 2166 frustratura

264 2223 331 2290 nisi
353 2223 415 2290 dea
437 2239 514 2290 eam
535 2225 748 2291 incitavisset
769 2228 810 2290 ut
832 2242 910 2292 oum
933 2224 1049 2292 Phrixi
1071 2225 1149 2291 filiis
1171 2223 1214 2289 ad
1229 2224 1452 2306 Argonautas

263 2347 469 2430 confligeret.
486 2347 697 2430 Quamquam
715 2353 816 2431 poeta
834 2347 936 2416 linxit
954 2350 1040 2414 hano
1051 2349 1199 2416 subitam
1210 2349 1450 2430 cogitationem

263 2469 400 2538 Iunonis
432 2487 495 2554 ope
528 2471 663 2539 Medeae
695 2471 848 2538 animum
883 2472 1047 2556 subiisse,
1089 2489 1203 2539 rerum
1240 2473 1346 2538 series
1375 2488 1448 2556 non

261 2595 474 2679 abrumpitur
506 2613 616 2678 neque
645 2596 679 2662 id
701 2596 784 2662 deae
805 2596 937 2663 factum
959 2597 1175 2664 interventus
1198 2595 1357 2662 dicendus
1380 2600 1447 2664 est.

576 2717 712 2800 πτερόεις
735 2718 769 2783 δό
793 2720 819 2784 οί
842 2719 872 2806 όν
894 2718 986 2800 φρεσί
1008 2715 1108 2797 θυμός

421 2840 529 2917 ίόνθη,
552 2843 637 2921 μετόι
659 2841 745 2922 δ’ἥγε
768 2842 957 2916 παλίσσυτος
978 2839 1080 2922 ἀθρόα
1101 2841 1218 2907 κόλπων

421 2966 578 3047 φοίρμακα
600 2966 693 3033 πόντ’
715 2969 830 3047 ἄμυδις
851 2966 1045 3048 κατεχεύατο
1068 2971 1245 3048 φωριαμοῖο.

420 3089 511 3156 κύσσε
533 3091 608 3157 δ’ἓόν
629 3117 665 3157 τε
688 3093 783 3174 λόχος
805 3092 857 3158 καί
880 3091 1024 3164 δικλίδας
1047 3089 1268 3172 ἀμφοτέρωθεν

392 3302 396 3311 Ι
421 3213 600 3294 σταθμοὺς,
622 3216 675 3281 καί
696 3217 806 3298 τοίχων
830 3216 1034 3297 ἐπαφήσατο,
1057 3215 1151 3297 χερσί
1169 3238 1205 3280 τε
1228 3214 1342 3294 μακρόν

419 3336 571 3419 intacto
594 3339 770 3418 πλόκανον,
794 3338 933 3420 θαλίην
956 3338 1209 3419 τουτουμενὶ

420 3460 557 3527 κόλλιπε
580 3463 761 3547 παρθενίης,
786 3465 958 3552 (23-29).

265 3590 301 3652 ot
329 3588 420 3654 tristi
445 3605 528 3654 voce
550 3591 711 3670 matrem,
735 3589 950 3672 Chalciopen,
974 3592 1150 3671 totamque
1173 3588 1311 3655 domum
1336 3585 1450 3654 valere

262 3710 401 3788 iubens
436 3713 606 3780 exclamat
630 3713 868 3780 amantissima
890 3713 950 3779 sed
972 3713 1092 3797 pudica
1114 3717 1151 3780 et
1171 3712 1453 3780 innocentissima

265 3834 391 3917 puella:
415 3835 474 3920 oh,
498 3837 630 3903 utinam
652 3842 688 3904 te
712 3854 804 3904 mare
823 3839 947 3920 hospes
966 3835 1184 3921 perdidisset,
1205 3836 1451 3919 priusquamin

261 3956 453 4025 Colchidem
466 3960 637 4026 venissest
653 3960 849 4027 Lacrimans
859 3961 989 4043 ingenti
1000 3960 1110 4029 dolore
1121 3961 1260 4058 domum
1271 3960 1452 4043 relinquit:

466 4080 510 4156 οίη
532 4082 694 4162 δὀίφνειοίο
717 4080 927 4148 διειλυσθεῖσα
949 4081 1048 4160 δόμοιο

465 4203 572 4282 ληιοίς,
595 4203 663 4280 ἥντε
685 4205 747 4270 νὲον
769 4204 887 4286 πότρης
910 4204 1116 4286 ἀπενόσφισεν
1139 4201 1233 4279 αίσα,

466 4329 497 4393 οὐ
519 4329 553 4392 δέ
576 4328 608 4394 νό
631 4353 678 4394 πα
700 4335 836 4411 μογεροῖο
859 4329 1040 4411 πεπείρηται
1063 4329 1231 4409 καμότοιο,
