3300 5067
855 502 899 569 22

279 698 396 765 ddnus
431 700 531 779 poeta
563 712 631 763 uno
663 698 801 774 tenore,
836 713 972 763 summa
1005 696 1137 781 poetica
1169 698 1206 763 vi
1235 702 1272 766 et
1300 698 1473 781 elegantia

278 820 410 889 moriae
432 824 670 904 argumentum
688 821 851 887 tractavit
860 821 926 904 ita,
939 823 980 888 ut
998 821 1123 903 multa,
1136 822 1277 903 quaead
1288 822 1471 900 sacrificia,

278 947 321 1013 ad
337 961 462 1012 navem
472 946 507 1010 in
518 961 611 1011 mare
622 944 817 1028 deductam,
831 944 875 1010 ad
885 945 1126 1028 profectionem
1136 946 1248 1027 ipsam
1258 945 1468 1028 pertineant,

278 1074 375 1153 grata
393 1086 455 1135 nec
466 1086 614 1151 unquam
626 1084 835 1153 supervacua
844 1069 940 1152 copia
950 1068 1118 1135 scribendi
1129 1069 1235 1135 oculis
1245 1070 1471 1152 proposuerit

322 1194 565 1262 Profectionem
588 1193 687 1261 navis
710 1197 747 1261 et
769 1194 917 1260 locorum
939 1193 1047 1260 situm
1057 1194 1228 1275 marisque
1240 1198 1420 1276 aspectum
1431 1198 1472 1261 et

277 1320 403 1395 litoris,
435 1322 634 1385 resonantes
667 1317 776 1385 undas
812 1333 905 1385 more
935 1317 1113 1385 Homerico
1136 1317 1273 1400 pulchre
1295 1318 1470 1401 descripta

280 1460 355 1510 osse
377 1443 656 1509 animadvertam.
679 1440 835 1507 Iasonem
860 1445 978 1508 autem
1000 1439 1208 1521 intrepidum
1229 1440 1383 1524 quidem,
1405 1442 1473 1508 sed

279 1584 392 1633 rerum
425 1566 592 1632 rationem
625 1566 840 1642 habentem.
858 1564 1006 1631 lacrimis
1037 1580 1131 1631 more
1153 1565 1247 1647 epico
1268 1565 1395 1632 obortis
1419 1562 1473 1651 (in

277 1690 467 1773 regionibus
499 1688 769 1755 meridionalibus
803 1690 841 1755 et
868 1688 974 1755 animi
1005 1691 1120 1754 motus
1149 1687 1304 1755 fortiores
1324 1691 1407 1755 sunt
1431 1691 1472 1755 et

277 1814 312 1879 in
345 1812 447 1879 iliade
470 1815 508 1877 et
529 1812 679 1894 Odyssea
702 1812 898 1893 plerumque
921 1811 1005 1878 flent
1025 1811 1160 1889 heroes,
1183 1812 1271 1894 quod
1292 1812 1482 1879 neminem

272 1935 428 2019 offendit)
449 1936 484 2002 in
507 1935 653 2019 patriam
676 1935 790 2002 oculos
814 1935 1002 2015 avertisse,
1025 1935 1168 2001 minime
1189 1936 1339 2019 improbo
1364 1935 1407 2019 1).

322 2060 413 2126 Mare
432 2061 533 2127 remis
554 2061 692 2143 pulsant
714 2062 853 2138 nautae,
864 2064 906 2126 ut
916 2060 1055 2141 graciles
1067 2060 1162 2141 pueri
1172 2059 1328 2126 tellurem
1339 2060 1469 2126 circum

274 2201 371 2249 aram
400 2182 485 2249 Delii
517 2183 692 2267 Apollinis.
727 2182 894 2266 Spumant
923 2182 1093 2249 monnicae
1129 2182 1240 2249 undae
1283 2188 1469 2266 manetque

275 2306 391 2373 album
413 2307 596 2389 vestigium
618 2308 733 2385 navis,
753 2310 794 2373 ut
815 2308 940 2374 semita
957 2306 1081 2373 virides
1092 2321 1317 2389 percampos:
1329 2307 1466 2373 elucent

277 2430 405 2497 ahenea
444 2432 558 2514 Argus
598 2434 814 2498 ornamenta:
850 2412 909 2498 dei
937 2448 1068 2513 quoque
1102 2433 1139 2496 et
1174 2430 1314 2496 semidei
1347 2431 1468 2497 liorem

280 2554 436 2621 Graeciae
477 2556 668 2622 iuuentutis
696 2557 732 2621 in
766 2572 853 2622 nave
886 2555 1154 2637 proticiscentem
1186 2554 1373 2636 aspiciunt,
1405 2572 1467 2621 ex-

280 2684 389 2747 tremo
423 2681 459 2746 in
488 2679 584 2745 litore
615 2678 735 2746 chiron
768 2696 913 2761 parvum
945 2678 1099 2745 Achillen
1128 2678 1290 2745 bracchiis
1324 2681 1466 2760 gestans

278 2809 315 2872 et
342 2823 363 2871 a
393 2806 457 2871 diis
480 2806 613 2871 salvum
635 2805 782 2871 reditum
803 2821 945 2887 precans
967 2805 1108 2888 apparet
1129 2806 1238 2885 (grata
1259 2806 1296 2869 et
1318 2806 1466 2869 venusta

278 2928 411 3011 imago).
446 2929 530 2995 Cum
556 2933 655 3010 portu
689 2929 873 3007 exiissent,
903 2927 991 2994 malo
1019 2929 1151 2993 arrecto
1179 2924 1330 3008 velisque
1352 2928 1466 3008 passis
1594 2903 1595 2944 ³

278 3052 493 3133 tranquillum
512 3068 605 3117 mare
625 3056 759 3133 secant,
784 3052 913 3134 Orpheo
935 3051 1009 3133 lyra
1028 3054 1066 3117 et
1086 3052 1189 3117 cantu
1211 3049 1354 3116 Dianam
1377 3050 1465 3117 cele·
1594 3077 1595 3138 j

278 3177 406 3242 branta.
440 3174 511 3255 Quo
540 3174 652 3242 allecti
674 3175 802 3242 saliunt
825 3175 951 3242 circum
973 3179 1167 3241 currentem
1188 3190 1313 3241 navem
1335 3174 1462 3256 pisces,
1594 3251 1595 3272 ἦ

278 3301 317 3365 ut
350 3315 430 3364 oves
459 3303 612 3382 pastores
641 3301 847 3382 sequuntur,
878 3300 937 3381 qui
965 3299 1080 3365 fistula
1110 3298 1265 3365 suaviter
1287 3297 1464 3365 modulans
1594 3323 1595 3326 ¹

276 3440 378 3505 pecus
395 3424 430 3489 in
441 3423 612 3490 stabulum
623 3423 723 3489 ducit
737 3422 872 3489 Ventus
887 3427 1005 3489 autem
1024 3423 1170 3489 secundo
1180 3421 1300 3488 afflatu
1310 3421 1464 3488 celeriter
1594 3465 1595 3482 1

276 3564 398 3613 navem
424 3546 586 3628 propellit.
611 3546 657 3613 llo
679 3547 778 3613 modo
799 3548 864 3613 sibi
886 3548 1030 3613 confisos
1052 3547 1269 3629 Argonautas
1285 3546 1460 3613 ominibus

277 3669 416 3751 faustis,
450 3670 485 3735 in
518 3670 691 3752 splendore
725 3669 806 3737 solis
839 3670 1019 3737 arridentis
1033 3664 1036 3667 ’
1049 3674 1086 3736 et
1115 3686 1235 3736 serena
1254 3654 1463 3751 tempestate
1594 3643 1595 3668 ¹

277 3792 442 3875 proiectos
464 3810 539 3861 esse
561 3794 659 3876 fingit
677 3793 875 3876 Apollonius
893 3792 1108 3879 (sao-558).
1594 3755 1595 3780 Χ

320 3917 372 3983 At
393 3917 479 3997 apud
502 3918 675 3984 Valerium
697 3918 778 3999 quid
804 3918 975 4000 legimus?

321 4040 486 4106 Salutatio
521 4042 676 4107 abeuntis
707 4041 837 4108 Iasonis
854 4042 913 4137 'ad
942 4045 1101 4125 parentes
1134 4038 1235 4127 (quod
1264 4040 1461 4124 Apollonius

316 4202 346 4276 1)
366 4200 429 4259 Non
447 4203 520 4260 recte
542 4200 628 4260 donat
650 4201 701 4271 (ia
724 4200 815 4276 podsio
835 4201 1021 4261 Alexandrino
1041 4218 1104 4277 pag.
1125 4200 1197 4275 322)
1217 4200 1285 4259 haec
1306 4200 1337 4258 in
1346 4200 1462 4274 Apollo·

275 4281 322 4341 nio
341 4280 523 4355 reprehendit.
