3300 5067
284 1400 443 1487 apollonii
468 1400 578 1473 Rhodii
601 1401 840 1489 Argonauticon
864 1401 1036 1473 izi-sss
1057 1403 1091 1473 ct

483 1524 601 1596 Valerii
625 1524 732 1597 Flacci
756 1526 837 1596 ilbcr
860 1526 880 1596 l.

138 1721 295 1788 Valerius
328 1722 468 1789 Flaccus
502 1724 620 1806 incipit
655 1724 806 1791 sollemni
840 1742 896 1791 ore
927 1726 1083 1791 nuntiare
1114 1724 1279 1791 semeria

89 1850 213 1929 aperta
230 1845 468 1929 fatidicamque
487 1865 612 1914 navem
623 1851 658 1914 et
670 1849 760 1916 coelo
772 1853 945 1931 acceptam
956 1854 1135 1915 cantarum
1146 1864 1221 1915 esse
1234 1847 1277 1933 1).

91 1970 285 2052 Grandibus
326 1971 439 2037 verbis
475 1971 664 2053 Apollinem
697 1974 834 2039 invocat
867 1976 903 2039 et
936 1972 1054 2038 humili
1086 1972 1278 2039 adulatione

91 2094 441 2178 Caesarempreoatur
452 2101 505 2174 ut,
520 2097 604 2163 alter
615 2096 806 2180 Maecenas,
827 2114 865 2164 se
876 2098 978 2164 labori
988 2097 1113 2163 forensi
1124 2101 1278 2179 ereptum

92 2222 268 2286 sustentet
278 2218 319 2285 ad
330 2220 503 2302 narranda,
516 2238 601 2302 quae
613 2220 751 2288 Latinas
762 2224 863 2289 urbes
874 2222 1093 2288 admiratione
1104 2220 1276 2302 impleant

92 2342 181 2409 Vide
204 2344 445 2425 arrogantiam,
461 2346 558 2427 quasi
580 2346 807 2413 Romanorum
825 2345 1016 2413 interfuerit
1037 2344 1168 2427 audire,
1192 2360 1277 2426 quae

92 2468 319 2551 mythologice
336 2469 426 2536 facta
444 2470 598 2537 Graeculi
616 2476 695 2538 aute
713 2471 892 2538 Homerica
910 2474 1062 2553 tempora
1079 2468 1275 2551 gessissent.

138 2592 379 2667 Haemoniam.
419 2599 471 2660 ut.
500 2593 655 2661 Valerius
688 2599 929 2678 argumentum
962 2608 1127 2675 exponere
1149 2594 1275 2673 coepit,

90 2718 228 2798 regebat
250 2734 311 2783 rex
333 2716 460 2801 Pelias,
485 2720 542 2800 qui
565 2720 706 2787 oraculis
729 2718 851 2803 (qualia
873 2718 1016 2799 fuerint,
1039 2721 1154 2783 noster
1171 2712 1275 2800 tacet)

92 2842 224 2908 veritus
247 2859 288 2907 ne
311 2844 353 2908 ab
376 2845 493 2912 Iasone
516 2844 661 2911 Aesonis
682 2842 750 2909 filio
772 2842 996 2925 vlinteriret,
1009 2843 1051 2907 ab
1062 2840 1277 2921 aliine,qu0d

93 2965 130 3031 in
160 2964 297 3032 Graecia
323 2967 453 3035 nullum
474 2968 658 3049 periculum
680 2966 749 3033 iam
771 2966 987 3043 imminebat,
1009 2963 1131 3047 petivit
1151 2965 1192 3029 ut
1212 2964 1276 3030 sibi

92 3089 201 3155 vellus
231 3106 388 3171 aureum,
421 3091 507 3173 quod
531 3091 675 3158 Phrixus
701 3092 736 3156 in
760 3088 912 3156 Colchide
934 3088 1136 3153 secrevisset
1158 3086 1274 3165 Marti,

93 3213 276 3280 reduceret.
311 3214 474 3297 Sperabat
507 3214 598 3281 enim
632 3214 702 3281 fore
736 3218 775 3280 ut
801 3213 837 3278 in
859 3214 980 3279 itinere
1001 3212 1099 3277 Iason
1120 3212 1275 3294 periculis

94 3340 335 3406 succumberet.
367 3339 446 3406 Mox
472 3343 611 3421 patuere
634 3339 700 3405 doli
729 3340 766 3404 et
787 3338 886 3403 lason
917 3337 1054 3413 dubius,
1077 3334 1155 3417 quid
1178 3337 1272 3417 agat,

94 3461 153 3526 scd
194 3460 315 3543 gloriae
356 3463 496 3546 cupidus
539 3466 574 3529 et
606 3461 744 3528 Iunonis
778 3460 879 3546 (quod
913 3476 1035 3541 magna
1068 3460 1274 3541 tempestate

93 3590 205 3652 coorta
227 3602 303 3651 eam
325 3602 385 3670 per
406 3586 571 3668 Enipeum
590 3582 727 3672 tulerat)
756 3584 965 3665 Palladiaque
984 3588 1080 3667 (quae
1102 3582 1175 3648 eius
1191 3580 1273 3647 deae

94 3710 208 3777 auxilii
230 3727 332 3775 causa
354 3710 472 3787 fuerit,
495 3727 560 3777 non
584 3712 699 3777 monet
716 3706 884 3791 Valerius)
897 3723 993 3789 opem
1012 3722 1151 3788 sperans
1161 3705 1273 3771 audax

94 3832 268 3901 consilium
291 3836 407 3899 mente
430 3834 574 3915 concipit
596 3830 743 3917 (1-90).
764 3830 855 3898 Deae
875 3829 1004 3896 Iasonis
1020 3829 1173 3911 precibus
1185 3828 1273 3895 dicto

93 3956 267 4025 audientes
301 3961 383 4022 sunt
416 3961 451 4022 et
485 3956 590 4022 altera
622 3954 788 4038 Thespias
819 3953 953 4020 devolat
973 3953 1057 4035 Argi
1080 3952 1273 4019 cohortandi

93 4116 193 4166 causa
216 4100 256 4163 ut
278 4115 315 4163 se
338 4098 519 4164 adiuvante
541 4114 665 4164 navem
687 4096 850 4163 aedificet.
869 4095 919 4160 At
937 4094 1020 4161 Iuno
1037 4095 1155 4160 heroes
1165 4094 1272 4177 Argo

132 4313 160 4385 1)
181 4310 318 4370 Martialis
325 4310 534 4371 Vllzliidocet
541 4286 727 4385 fragmentum
736 4308 1053 4369 narisinforoRomano
1060 4307 1164 4367 ostendi
1172 4307 1275 4367 solere!
