3300 5067
775 495 840 562 125

187 694 373 776 <peringen
396 692 495 758 Kreis
518 691 835 785 Alexandrinischcr
857 683 1147 768 Gelehrsamkeit‚
1169 691 1259 756 scine
1275 689 1395 757 Starke

190 800 293 909 'later
314 835 347 882 u.
367 833 395 880 s.
413 833 454 881 rr.
469 810 748 901 (Bernhardius)’'·
762 814 851 895 quod
873 815 997 881 vitium
1015 815 1049 880 in
1061 814 1239 880 Valeriano
1250 814 1396 882 carmine

185 903 196 925 ‘
213 940 339 1006 aetatis
361 939 474 1006 studio
496 909 657 1005 excusare
679 910 755 1005 nonv
769 954 950 1019 possumus
972 940 1008 1004 et
1026 939 1199 1020 praeterea
1217 935 1396 1003 admodum

190 1065 200 1075 ”
211 1063 509 1158 desideramusea‚
522 1080 608 1144 quae
618 1061 784 1145 Apollonii
795 1061 935 1128 carmini
946 1061 1125 1128 admodum
1136 1059 1332 1143 profuerunt
1343 1059 1397 1145 (ci.

190 1176 193 1181 ’
212 1189 256 1254 de
268 1188 407 1254 morain
418 1187 529 1254 insuta
538 1188 658 1253 Aretia
668 1203 742 1269 pag.
756 1183 861 1271 103)?
880 1184 970 1252 Num
982 1176 1136 1252 Valerius
1147 1183 1332 1252 laudandus
1343 1179 1399 1252 est

212 1314 351 1393 propter
376 1310 570 1393 „sorzano
588 1310 646 1375 der
665 1309 989 1377 Alexandrinisohen
1008 1309 1275 1376 Gelehrsamkeit
1286 1307 1398 1394 (Teuf-

213 1430 367 1519 feiius)'',
395 1451 476 1501 oum
498 1451 611 1514 neque
635 1434 770 1516 longum
794 1435 1001 1516 catalogum,
1025 1451 1087 1500 nec
1108 1434 1221 1501 omnia
1242 1435 1396 1518 nomina,

213 1575 301 1640 quae
312 1558 459 1624 Phineus
477 1558 706 1641 enumeravit,
726 1559 876 1625 omiserit
890 1557 1053 1641 (neglecta
1064 1563 1179 1625 tamen
1191 1558 1397 1626 amoenitate

214 1687 373 1766 naturae,
396 1700 498 1765 quam
520 1683 716 1765 Apollonius
739 1687 813 1749 tam
832 1689 976 1750 venuste
996 1684 1199 1766 descripsit),
1219 1657 1398 1749 inseruerit

185 1817 187 1820 ⁴
213 1827 273 1892 ea,
297 1826 382 1891 quae
406 1808 449 1874 ad
468 1807 660 1876 Vulcanum
681 1809 716 1874 in
739 1807 850 1874 insula
871 1807 999 1874 Lemno
1021 1808 1207 1890 pertinent,
1227 1793 1397 1872 deindedo

215 1932 378 1998 Bacchico
404 1930 516 2008 cultu,
539 1930 582 1997 de
604 1929 712 1997 Diana
734 1930 873 1996 Taurica
894 1931 993 2013 piane
1017 1948 1239 2014 supervacua,
1262 1929 1398 1996 caedem

215 2057 413 2140 Cynicorum
445 2057 575 2138 ingenti
596 2055 772 2121 nominum
794 2054 999 2120 heroicorum
1022 2055 1107 2120 serie
1130 2047 1295 2121 auctam?
1314 2055 1398 2136 Quid

187 2195 192 2203 ’
214 2166 423 2248 censendum
447 2181 487 2247 de
508 2181 591 2247 libro
614 2181 731 2261 quinto
754 2182 930 2262 tantopere
954 2179 1175 2261 vituperando
1197 2179 1284 2261 quod
1306 2181 1341 2246 in
1360 2197 1399 2247 eo

193 2288 196 2297 ’
214 2305 372 2371 Valerius
388 2305 534 2387 pessime
544 2305 746 2385 argumento
754 2285 921 2370 satisfecit
932 2319 1041 2384 neque
1053 2305 1148 2369 totus
1158 2302 1240 2369 liber
1250 2303 1293 2369 ad
1303 2320 1398 2386 argu-

216 2433 373 2496 mentum
392 2429 574 2511 quidquam
596 2429 754 2511 pertinet.
780 2427 871 2494 Laus
883 2427 1096 2503 Bemhardii,
1120 2427 1398 2511 viridootissimi,

214 2556 352 2635 propter
374 2558 503 2637 „artem
514 2550 736 2618 rhetoricam''
747 2553 862 2634 potius
872 2557 1008 2634 poetam
1019 2554 1161 2629 incusat,
1174 2569 1252 2618 cum
1263 2568 1319 2618 ars
1328 2553 1399 2617 rhe-

191 2659 194 2665 ’
216 2677 323 2743 torisa
344 2678 492 2760 poeticae
512 2677 578 2742 arti
589 2678 711 2744 obstet
735 2675 928 2742 Admodum
941 2675 1065 2742 mirum
1076 2681 1130 2742 est
1142 2675 1229 2756 quod
1240 2675 1398 2742 Bernhar-

217 2800 293 2866 dius
304 2796 1400 2885 dicitValeriumpropter„besonneneKomposition’'et·„Kunst

216 2923 280 2990 des
308 2922 437 2991 Plans'’
460 2925 673 3006 Apollonium
695 2923 792 3005 longe
816 2940 1004 3006 superasse.
1037 2923 1147 3006 Quid?
1180 2922 1246 2990 Ubi
1269 2927 1323 2990 est
1345 2925 1400 2991 iila
1489 2993 1491 2996 .

187 3035 190 3041 ’
221 3049 429 3149 „besonnene
451 3044 720 3129 Komposition'',
743 3065 820 3114 cum
840 3049 1077 3129 argumentum
1096 3049 1208 3130 ipsum
1227 3048 1399 3115 deitinere

219 3171 348 3254 primae
371 3173 483 3238 'navis
516 3172 640 3238 falsum
673 3173 720 3238 sit
753 3175 790 3238 et
822 3172 989 3239 refutetur
1021 3171 1153 3240 fabulae
1186 3176 1325 3255 natura,
1360 3178 1400 3239 ut

218 3296 552 3363 demonstravimus?
585 3297 651 3364 Ubi
679 3301 733 3364 est
759 3284 910 3383 „Fauen
933 3298 1048 3365 Kunst
1071 3299 1130 3365 des
1152 3296 1293 3375 Plans'’,
1322 3313 1399 3362 oum

218 3420 378 3503 profectio
406 3418 508 3486 navis.
536 3421 728 3488 maritimae
758 3421 865 3488 maria
895 3424 1071 3504 aperturae
1093 3421 1211 3487 similis
1236 3422 1281 3488 sit
1302 3419 1400 3502 fugae

182 3543 198 3553 ”
219 3545 450 3627 turpissimae,
484 3561 562 3611 oum
592 3544 749 3613 Valerius
782 3547 953 3614 induxerit
984 3547 1062 3614 deos
1092 3564 1165 3613 non
1179 3563 1260 3614 suas
1275 3561 1400 3612 causas

219 3667 437 3734 defendentes
471 3671 522 3746 (ut
553 3667 764 3754 Neptunus),
798 3675 935 3737 tantum
965 3671 1119 3737 scelestis
1140 3671 1223 3738 dolis
1246 3673 1398 3746 utentes,

220 3792 313 3857 omni
334 3792 448 3874 rigore
470 3797 624 3859 carentes
645 3810 754 3876 neque
776 3771 957 3877 quidq'uam
980 3795 1119 3862 humani
1139 3793 1191 3880 (ut
1210 3795 1255 3861 dii
1277 3794 1400 3861 Home-

180 3998 183 4002 Δ
219 3914 293 3999 rici)
320 3917 499 3995 habentes
533 3919 670 3984 umbras
697 3920 829 4002 proprie
859 3923 895 3986 et
925 3920 1042 3987 Manes
1064 3921 1248 4002 priscorum
1267 3920 1400 3986 coelico

221 4038 355 4104 iarum?
380 4037 423 4125 1).
455 4040 521 4107 Sed
554 4041 671 4108 deinde
699 4042 780 4109 dioit
812 4043 1056 4112 Bernhardius:
1084 4043 1173 4126 „Der
1193 4043 1400 4126 jugendliche

262 4305 291 4379 1)
316 4305 432 4382 mrum,
463 4307 535 4382 queo
561 4290 701 4368 uerenda
720 4325 784 4384 pag.
805 4307 881 4382 ece,
913 4273 1100 4385 <Aptuca
1120 4310 1229 4382 odos,
1248 4309 1334 4368 oon
1354 4309 1404 4371 'wa
