3300 5067
718 530 726 547 ·
786 510 805 573 7

208 700 250 766 de
292 702 501 785 Argonautis
542 702 653 769 fabula
690 704 843 770 exstitit:
885 704 1031 770 coloniae
1064 702 1243 781 deductae,
1278 703 1394 780 civiles

205 826 342 909 turbae,
367 827 537 893 mercandi
561 826 731 909 studium,
753 827 881 892 invidia
904 826 1097 909 metropolis
1119 828 1154 893 in
1169 844 1295 893 novam
1308 827 1393 893 colo

207 949 318 1015 niam:
353 950 436 1017 haee
467 953 580 1018 omnia
608 967 651 1016 ex
674 951 851 1023 hominum
873 950 1036 1016 memoria
1058 968 1279 1034 evanescere,
1303 950 1393 1017 facta

206 1072 318 1153 regiae
353 1074 490 1157 domus,
525 1092 610 1156 quae
644 1075 768 1158 Minyis
801 1073 966 1156 praefuit,
1004 1075 1121 1141 extolli
1150 1079 1335 1157 coeperunt
1357 1079 1394 1141 et

205 1196 376 1263 celebrari.
402 1198 473 1279 Quo
496 1198 626 1265 factum
647 1202 702 1265 est
725 1202 764 1264 ut
781 1216 848 1264 non
867 1198 995 1265 colonia
1013 1216 1034 1264 a
1050 1199 1175 1281 Minyis
1197 1200 1231 1264 in
1244 1203 1394 1265 remotas

206 1325 317 1386 terras
351 1321 495 1389 deducta
530 1324 689 1389 materies
723 1322 855 1389 fabulae
885 1323 988 1390 tuerit
1016 1324 1077 1390 sed
1104 1314 1241 1405 longum
1263 1323 1393 1389 Iasonis
1422 1338 1424 1346 ·

206 1444 274 1511 iter
283 1446 326 1511 ad
338 1445 445 1511 vellus
457 1462 598 1511 aureum
610 1446 858 1528 reportandum.
871 1446 964 1527 Quod
976 1450 1092 1512 autem
1102 1446 1393 1528 adargumentum

204 1568 331 1635 attinet
361 1568 493 1635 itineris
522 1569 558 1633 in
590 1573 756 1635 remotam
786 1574 915 1636 terram
945 1570 1118 1636 Orientem
1148 1585 1269 1635 versus
1291 1568 1391 1653 facti,

206 1696 322 1758 mente
344 1693 594 1775 percipiendum
614 1694 668 1757 est
687 1692 823 1759 Graecis
843 1710 977 1776 semper
987 1693 1167 1775 navigandi
1179 1693 1291 1759 studio
1302 1692 1392 1759 ultro

207 1815 464 1895 procedentibus
484 1820 521 1882 et
541 1819 749 1881 mercaturae
770 1817 855 1881 lines
866 1817 1085 1884 dilatantibus
1097 1817 1206 1899 magis
1217 1818 1391 1899 magisque

207 1939 302 2005 illum
325 1939 483 2005 ultimum
507 1940 595 2005 orbis
618 1945 784 2006 terrarum
807 1940 968 2022 angulum
980 1942 1170 2007 recessisse.
1191 1940 1289 2022 Origo
1300 1940 1391 2005 enim

201 2063 339 2129 tabulae
373 2068 508 2129 nostrae
542 2062 712 2144 antiquior
745 2064 799 2129 est
833 2081 934 2145 quam
965 2064 1113 2130 coloniae
1143 2082 1164 2129 a
1194 2063 1330 2130 Graecis
1355 2064 1391 2130 in

206 2186 353 2253 Pontum
376 2186 547 2252 Euxinum
571 2187 751 2269 deductae,
776 2204 841 2268 quo
864 2186 992 2253 iactum
1016 2192 1071 2254 est
1081 2190 1122 2253 ut
1134 2185 1262 2253 Colchis
1273 2190 1393 2269 postea

205 2310 371 2375 terminus
394 2310 526 2376 itineris
547 2310 663 2377 habita
685 2312 741 2377 sit·

250 2432 452 2509 Videamus,
489 2434 546 2514 qui
579 2435 665 2499 hanc
698 2434 846 2501 fabulam
876 2453 942 2502 non
965 2436 1033 2502 iam
1063 2435 1166 2517 epicis
1188 2434 1392 2500 carminibus

205 2558 407 2624 celebratam
431 2558 490 2623 sed
513 2559 771 2624 evanescentem
790 2563 827 2624 et
845 2559 1026 2625 admodum
1035 2574 1157 2640 vagam
1169 2558 1392 2623 tractaverint

206 2686 243 2748 et
264 2682 385 2762 quibus
408 2682 610 2762 regionibus
637 2682 848 2764 fluminibus²
873 2684 1022 2749 maribus
1045 2685 1163 2764 poetae
1175 2682 1391 2763 Argonautas

205 2808 348 2886 vagatos
381 2821 456 2870 esse
488 2805 659 2872 finxerint.
695 2807 881 2889 Hesiodus,
912 2807 966 2872 vel
996 2808 1053 2888 qui
1076 2807 1139 2872 sub
1161 2807 1234 2871 eius
1255 2805 1390 2870 nomine

206 2908 316 3012 latet,v
333 2929 369 2995 in
390 2929 578 3011 Theogonis
600 2932 798 2997 eea-1002
817 2936 1057 3013 argumentum
1069 2930 1390 3012 Argonauticorum:

206 3052 318 3119 Peliae
351 3053 462 3133 iussa,
492 3054 620 3121 Iasonis
649 3056 795 3138 labores,
822 3056 958 3122 Medeae
988 3055 1023 3121 in
1047 3055 1201 3121 Iasonem
1223 3068 1390 3133 amorem,

205 3176 378 3257 filiumque
408 3176 562 3243 Medeam
592 3183 712 3245 natum
742 3180 891 3245 breviter
911 3179 1077 3260 exposuit.
1101 3177 1171 3243 Nec
1192 3178 1227 3242 in
1250 3176 1391 3242 Homeri

206 3316 315 3381 neque
335 3300 473 3367 Hesiodi
492 3303 713 3379 carminibus,
725 3304 876 3369 lontibus
888 3302 1152 3384 antiquissimis,
1164 3301 1221 3382 qui
1233 3300 1390 3381 exstant,

206 3423 396 3490 Colchidem
427 3440 548 3491 nomen
579 3427 739 3509 inveniri,
770 3430 825 3491 est
852 3425 1200 3492 animadvertendum.
1229 3424 1267 3487 ln
1288 3422 1390 3504 Odys-

205 3564 283 3613 seae
295 3547 658 3631 libroXMperlegendo
669 3550 1085 3631 unusquisqueininoerto
1097 3548 1261 3628 haerebit,
1274 3550 1390 3612 utrum

207 3678 304 3739 vates
346 3674 536 3755 antiquitus
564 3674 724 3740 finxerint
755 3675 971 3756 Argonautas
1001 3674 1171 3755 regionem
1204 3670 1389 3745 remotam,

205 3798 259 3863 cui
290 3799 399 3879 magis
430 3798 602 3880 magisque
625 3799 794 3865 recedenti
816 3798 963 3865 Colchidi
985 3813 1107 3864 nomen
1129 3797 1248 3877 postea
1270 3792 1389 3858 datum

206 3925 276 4003 est,
319 3922 353 3986 in
395 3921 531 3988 Oriente
571 3922 674 3987 sitam
708 3922 872 4003 petivisse
907 3938 950 3987 an
985 3918 1206 3987 occidentales
1238 3916 1390 3998 regiones

206 4047 343 4110 tantum
372 4044 493 4110 adiisse
522 4044 571 4129 (cf
598 4044 655 4111 Od.
686 4067 712 4121 μ
741 4048 863 4123 1-10,
895 4045 1061 4127 imprimis
1091 4046 1112 4110 3
1135 4045 1171 4109 et
1195 4044 1215 4107 4
1238 4047 1274 4106 et
1296 4061 1321 4115 μ
1345 4042 1388 4105 66

208 4164 293 4251 seq.)
314 4166 468 4249 Apparet
495 4140 633 4234 versum
665 4170 685 4234 3
709 4169 881 4235 Orientem
905 4169 1017 4251 ipsum
1042 4167 1240 4249 significare.
1274 4163 1324 4229 At
1346 4164 1387 4228 61

208 4286 380 4365 uaaynrrir
402 4292 544 4373 legimus
565 4291 658 4373 Argo
680 4308 803 4358 navem
821 4291 959 4359 Iunonis
977 4308 1038 4373 ope
1058 4288 1390 4374 praeternavigasse,
