3300 5067
735 485 799 551 119

377 678 450 740 ἀλλ’
474 675 519 742 ἔτ’
542 676 737 753 ἀηθέσσουσα
758 677 829 752 δύης
851 677 902 764 καὶ
924 675 1029 742 δούλια
1053 676 1129 759 ἔργα

377 795 449 864 εἶσιν
472 801 641 880 οὶτνζομένη
664 801 817 883 χαλεπός
839 801 897 866 ὑπο
919 806 1029 882 ’χεῖρας
1052 800 1196 877 οὶνοέσσης·

377 925 440 1001 τοόη
463 924 500 1007 όιρ
523 925 684 1007 ἱμερόεσσα
706 925 803 1004 δόμον
826 923 969 1003 ἐξέσσυτο
990 924 1085 1006 κου’ρη.

286 1049 367 1116 Sine
388 1052 533 1134 strepitu
556 1053 665 1133 aperit
686 1053 824 1120 ianuam
846 1051 944 1118 celeri
967 1052 1159 1118 cantatione

330 1179 484 1251 γυμνοῖσιν
507 1174 541 1238 δὲ
563 1173 707 1240 πόδεσσιν
730 1175 790 1238 οὶνα
813 1173 934 1246 στεινὰς
956 1171 1028 1238 θέεν
1050 1171 1167 1251 νόμους,

332 1305 404 1378 λαιῇ
426 1297 484 1375 μέν
506 1297 576 1380 χερὶ
600 1299 717 1363 πέπλον
739 1299 789 1362 ἐπ’
813 1296 936 1378 όφρόσιν
959 1298 1047 1377 οὶμΦι
1071 1295 1205 1374 μέτωπα

331 1422 516 1500 στειλαμένη
538 1421 590 1486 καὶ
611 1422 697 1487 καλόν
720 1422 853 1504 παρήια,
877 1419 1012 1502 δεξιτερῇ
1034 1420 1068 1486 δὲ

330 1544 420 1626 ιἰιιρην
442 1543 537 1626 ὑψόθι
562 1543 661 1624 πέζαν
682 1543 873 1625 οὶερτοόζουσα
895 1548 1032 1625 χιτῶνος.
1057 1543 1218 1629 (tt—46)

215 1667 268 1734 Ob
296 1685 416 1736 versus
446 1672 467 1736 3
491 1692 499 1734 :
523 1642 589 1736 87'4
618 1675 655 1738 et
685 1671 751 1737 875
781 1671 850 1738 iam
881 1669 1041 1735 maximis
1072 1667 1226 1735 laudibus
1256 1668 1356 1750 Apol-

164 1789 300 1859 lonium
318 1795 427 1861 extuli
446 1795 505 1860 sed
523 1796 585 1862 hoc
604 1795 674 1861 loco
690 1793 835 1860 adiciam
853 1783 1005 1860 Medeam
1026 1794 1087 1859 boc
1106 1793 1204 1860 modo
1216 1792 1355 1860 sinistra

164 1935 278 1984 manu
302 1918 438 2002 peplum
466 1920 553 1986 circa
582 1920 729 1985 frontem
757 1922 794 1984 et
815 1917 970 2000 pulchras
995 1933 1098 2000 genas
1121 1916 1355 1983 detrahentem

164 2047 204 2107 et
228 2041 336 2109 altera
358 2042 534 2109 tollentem
556 2058 650 2109 oram
672 2043 807 2109 tunicae
830 2042 913 2108 mihi
935 2043 970 2108 in
991 2042 1188 2108 memoriam
1200 2059 1356 2110 revocare

164 2168 307 2232 statuas
335 2166 604 2248 elegantissimas
633 2135 804 2248 Tanagrae
836 2167 870 2231 in
903 2164 1115 2248 sarcophagis
1138 2166 1296 2232 inventas
1319 2169 1355 2233 et

164 2289 313 2355 monebo
342 2293 492 2356 aetatem
521 2289 667 2356 labantis
689 2289 911 2371 Graecitatis,
933 2293 973 2355 ut
995 2288 1096 2371 vulgo
1118 2289 1257 2368 dicitur,
1281 2295 1355 2358 arte

165 2429 238 2478 non
260 2415 333 2478 tam
356 2413 471 2494 grandi
494 2430 597 2494 quam
618 2412 813 2494 gratissima
836 2417 872 2478 et
890 2412 933 2478 ad
952 2413 1134 2479 veritatem
1146 2415 1288 2480 naturae
1299 2431 1354 2482 res

165 2541 205 2602 et
226 2538 380 2604 homines
396 2538 578 2620 effingente
596 2538 630 2603 in
650 2538 704 2603 bis
723 2553 854 2618 quoque
874 2537 1058 2619 principem
1070 2537 1180 2604 locum
1191 2539 1351 2606 obtinere.

107 2645 110 2656 '
212 2661 306 2730 Urbe
335 2663 510 2745 egrediens
539 2662 697 2729 custodes
719 2662 804 2728 latet
825 2664 862 2727 et
884 2661 979 2727 Luna
1001 2665 1204 2744 agnoscente
1226 2679 1293 2729 non
1315 2680 1353 2730 se

165 2786 275 2853 solam
308 2786 414 2853 amori
448 2785 663 2853 subcubuisse
697 2786 755 2852 sed
789 2786 892 2852 sortis
922 2787 1070 2852 eiusdem
1095 2787 1203 2853 socias
1217 2787 1352 2855 multas

165 2909 290 2976 habere
316 2911 415 2994 (quae
444 2909 557 2976 brevis
580 2906 740 2992 digressio
762 2909 943 2976 admodum
965 2910 1194 2977 Alexandrina
1215 2914 1270 2979 est
1292 2913 1351 2980 sed

165 3034 289 3117 faceta)
308 3033 423 3101 Medea
442 3042 598 3118 properat
616 3033 659 3100 ad
670 3034 800 3116 ignem,
821 3049 923 3115 quem
933 3034 1149 3114 Argonautae
1165 3036 1351 3104 certamine

164 3156 297 3224 Iasonis
327 3159 459 3241 egregie
482 3158 627 3240 perlecto
648 3155 875 3224 incenderant
908 3156 1035 3224 Deinde
1058 3157 1255 3240 Apollonius
1277 3165 1351 3227 tam

166 3299 249 3348 vere
272 3299 375 3364 quam
398 3283 549 3348 suaviter
572 3280 749 3364 descripsit
771 3280 923 3347 Medeam
944 3298 1065 3362 magna
1078 3298 1159 3347 voce
1171 3287 1348 3350 vocantem

167 3405 331 3474 Phrontin
360 3406 500 3472 fratrem
524 3400 705 3472 minimum
728 3408 829 3483 natu,
852 3405 1067 3487 Argonautas
1090 3407 1230 3472 obscura
1252 3409 1349 3472 nocte

167 3527 318 3597 celeriter
339 3530 382 3596 ad
404 3547 480 3596 eam
503 3530 726 3612 remigantes
748 3529 902 3595 Iasonem
925 3529 1117 3595 retinaculis
1140 3529 1239 3594 navis
1257 3530 1349 3613 ripae

24 3673 25 3684 ¹
129 3659 131 3662 ’
166 3653 315 3720 nondum
339 3654 472 3720 iniectis
491 3653 642 3720 maximo
663 3654 741 3719 nisu
762 3652 797 3718 in
820 3655 947 3718 terram
970 3652 1181 3718 desilientem
1204 3652 1347 3719 66-82.

168 3777 286 3844 Medea
318 3776 447 3844 Iasonis
480 3792 577 3856 opem
611 3775 794 3858 implorans
823 3779 978 3859 precatur
1009 3779 1049 3842 ut
1080 3793 1194 3844 secum
1218 3776 1349 3844 auferat

166 3916 274 3982 neque
297 3900 440 3966 orbitate
463 3902 680 3980 cognatorum
702 3899 864 3966 infamem
887 3899 996 3982 ipsam
1018 3900 1145 3969 reddat.
1180 3987 1181 3990 Ἴ

323 4019 403 4085 ἴσκεν
426 4019 612 4100 οὶκηχεμένη·
635 4019 723 4098 μέγα
746 4021 778 4086 δὲ
802 4021 909 4102 Φρένει
932 4021 1095 4086 Αἰσονίδαο

322 4143 443 4222 γήθεον·
467 4139 550 4225 αἶψα
571 4145 605 4209 δέ
629 4168 682 4223 μιν
704 4169 773 4226 περι
793 4145 917 4224 γούνασι
939 4153 1113 4222 πεπτηυῖαν

324 4264 370 4343 ἦκ’
393 4266 600 4350 ἀναειρόμενος
623 4267 856 4352 προσπτύξατο,
879 4268 1025 4352 θάρσυνέν
1047 4294 1083 4336 τε
1107 4272 1274 4359 (eu-94).
