3300 5067
179 733 260 782 rum
281 714 364 782 aula
381 714 477 781 vitiis
497 719 535 782 et
556 715 692 782 libidine
715 715 860 782 scelesta
882 719 1037 797 corrupta
1049 718 1132 781 erat.
1156 709 1385 797 Quamquam

181 842 374 925 negandum
390 857 457 907 non
468 841 524 905 est
534 838 785 905 affectationem
794 841 971 921 poetarum
983 844 1019 906 et
1030 839 1179 906 novandi·
1186 840 1221 904 et
1232 831 1366 906 abscon·
1394 839 1396 847 ’

184 966 247 1032 diti
277 964 450 1046 promendi
478 963 631 1049 studium
660 963 770 1030 multa
799 963 942 1029 obscena
969 967 1005 1029 et
1027 962 1196 1045 impudica
1217 963 1366 1028 linxisse.

228 1089 310 1156 Sine
332 1089 433 1155 dubio
459 1086 573 1154 Stoica
594 1085 717 1166 placita
740 1083 773 1172 1)
796 1087 945 1153 maxime
967 1087 1146 1153 valuerunt
1165 1086 1210 1151 'ad
1234 1089 1368 1153 mentes

183 1214 359 1279 hominum
382 1211 589 1294 mitigandas
610 1214 647 1275 et
666 1210 917 1276 humanitatem
941 1194 1165 1276 excolendam.
1190 1191 1255 1275 Pro
1276 1211 1370 1276 certo

184 1335 347 1402 affirmari
375 1338 491 1418 potest
519 1332 678 1416 pudicum
707 1332 860 1399 Medeae·
876 1350 1026 1401 amorem
1047 1336 1245 1400 nascentem
1267 1334 1370 1414 Apol

184 1459 315 1525 lonium
347 1459 495 1541 primum
528 1458 678 1523 finxisse.
712 1455 800 1523 Nam
834 1474 896 1524 nec
929 1457 1155 1524 Antimachus
1188 1457 1307 1538 frigida
1332 1448 1369 1522 et

183 1582 284 1649 docta
300 1582 568 1659 enumeratione,
588 1597 697 1661 neque
715 1581 843 1662 tragico
858 1584 896 1646 et
914 1581 1044 1649 heroico
1063 1597 1175 1648 amore
1192 1575 1370 1663 Sophocles

185 1722 295 1788 neque
326 1705 503 1787 Euripides
535 1703 652 1771 Medea
686 1720 748 1770 sua
781 1703 947 1776 invidiosa
980 1706 1016 1770 et
1048 1704 1192 1771 scelesta
1214 1705 1368 1786 exemplo

185 1829 297 1912 potuit
336 1844 412 1894 esse
452 1827 644 1911 Apollonio,
679 1828 743 1909 *qui
776 1829 870 1911 epica
904 1829 1048 1897 veritate
1083 1832 1119 1894 et
1153 1827 1369 1910 simplicitate

185 1954 272 2020 hanc
290 1969 415 2020 novam
432 1956 505 2018 rem
523 1951 692 2034 exposuit
715 1951 820 2018 Anim
832 1952 1077 2018 advertendum
1095 1957 1168 2031 est,
1185 1951 1264 2018 oum
1275 1953 1369 2017 scho-

185 2077 305 2143 liastae
339 2077 512 2159 ingentem
546 2091 726 2142 numerum
758 2079 934 2142 auctorum
966 2080 1028 2142 aut
1055 2075 1188 2154 eorum,
1212 2077 1370 2157 quicum

186 2199 360 2282 Apollonio
371 2199 589 2266 consentiunt
599 2202 661 2265 aut
671 2199 887 2280 dhsentiunt,
911 2198 1207 2276 accumulaverint,
1228 2207 1371 2280 quorum

186 2325 336 2408 plerique
376 2323 642 2406 mythographi,
679 2325 881 2406 geographi,
911 2324 1150 2392 Heraclearum
1191 2326 1376 2406 scriptores·

186 2448 336 2530 pedestri
365 2446 400 2533 0)
431 2448 580 2514 oratioue
611 2448 663 2514 usi
694 2448 782 2529 sint,
813 2448 1029 2532 praecipuum
1062 2446 1229 2531 Apollonii
1251 2445 1372 2514 Rhodii

188 2576 359 2641 auctorem
380 2572 512 2639 nullum
533 2572 677 2638 inveniri
699 2573 743 2650 3).
872 2573 874 2578 “
1211 2574 1213 2579 ’

231 2697 323 2765 Num
344 2697 542 2780 Apollonius
560 2697 719 2763 nonnulla
740 2715 762 2763 a
783 2695 986 2764 Callimacho
1007 2700 1186 2764 mutuatus
1205 2694 1251 2762 sit
1270 2694 1373 2779 (quod

186 2823 361 2891 Weichert
382 2823 501 2903 negat-¹
507 2839 582 2903 pag.
594 2821 637 2887 57
661 2837 731 2903 seq.
755 2825 792 2888 et
814 2823 902 2903 quod
926 2821 1032 2889 Cenat
1054 2801 1129 2904 pag.
1143 2821 1208 2888 503
1230 2817 1263 2905 4)
1283 2820 1371 2885 ueri-¹
1437 2861 1444 2873 ·

188 2949 298 3015 simile
326 2951 428 3029 putat
456 2965 533 3014 esse
566 2948 601 3014 in
623 2948 772 3014 carmine
785 2951 875 3015 ante
897 2945 1135 3030 profectionem
1159 2945 1201 3012 in'
1216 2939 1369 3010 Rhodum

187 3069 404 3157 declamato),
426 3087 482 3138 res
500 3072 558 3136 ¹est
579 3087 646 3137 non
665 3071 779 3155 magni
801 3071 983 3148 momenti,
1005 3069 1092 3152 quod
1104 3069 1300 3152 Apollonius
1311 3072 1372 3134 aut

186 3259 283 3321 δῆννννν
299 3259 429 3320 cithim,
454 3258 502 3317 ubi
529 3261 610 3334 poeta
637 3259 765 3318 describit
785 3274 896 3317 uxorem
917 3257 1029 3316 flentem
1048 3256 1194 3327 maritum,
1222 3255 1266 3314 cui
1286 3269 1374 3328 nuper

185 3365 328 3438 nupserat

227 3467 321 3548 1)00
340 3469 462 3545 hahaffy
482 3469 551 3530 240.
571 3471 644 3546 Very
663 3467 793 3546 possibly,
813 3474 871 3542 too,
892 3470 940 3529 the
960 3468 1277 3541 ht01ctenetssowrdely
1287 3466 1374 3525 disse·

185 3576 335 3636 minated
326 3593 357 3635 ιιι
376 3577 455 3636 those
474 3577 542 3652 (lays
560 3577 616 3636 had
634 3577 707 3636 their
725 3577 833 3637 effect
824 3594 856 3636 ιιι
874 3577 922 3635 the
940 3579 1103 3651 acceptante
1123 3575 1185 3635 oia
1201 3574 1310 3633 structor
1319 3572 1374 3632 and

185 3699 261 3742 more
281 3681 386 3741 senous
405 3683 474 3741 view
493 3684 525 3742 oi
539 3683 599 3743 iiie.

228 3787 259 3862 0)
228 3787 324 3847 0.00
343 3787 483 3847 Weiohert
504 3789 669 3865 146,147.
781 3818 783 3825 ’

227 3893 259 3967 3)
280 3893 322 3956 00.
343 3893 483 3953 Werchert
495 3895 560 3968 150
582 3896 648 3970 153,
668 3897 716 3956 ιιοι
726 3897 805 3958 docet
814 3897 949 3969 Cleonem
966 3897 1046 3957 duno
1056 3896 1217 3967 onuudum
1237 3911 1356 3970 aquea
1338 3906 1375 3956 aa

187 4005 274 4055 uana
296 4003 452 4068 rufinam
474 4005 528 4056 ’Aa
528 4004 618 4056 νννλλό
620 4003 714 4073 melei
734 4004 824 4065 Schol.
848 4005 895 4064 lt
917 4003 987 4078 603)
1006 4003 1125 4079 pedestri
1146 4003 1267 4061 oratione
1292 4018 1373 4059 usum

187 4124 269 4179 esse,
282 4124 398 4182 eamque
416 4108 619 4168 montionem
638 4126 699 4169 esse
718 4113 922 4184 exaggeratam.
1037 4171 1041 4182 ,

226 4212 260 4294 4)
282 4214 311 4273 Il
330 4217 374 4273 est
392 4214 521 4288 probable
540 4231 594 4288 que
612 4215 654 4275 les
671 4219 815 4291 emprunts
832 4215 1024 4300 d’Apollonius
1041 4215 1144 4275 etaient
1154 4218 1218 4291 plus
1227 4216 1375 4291 apparente

187 4323 256 4384 dans
277 4338 327 4382 son
346 4320 463 4396 premier
483 4322 569 4380 essaiz
590 4323 625 4382 ci.
647 4323 735 4383 Schoi.
758 4322 774 4380 1
797 4345 805 4382 :
827 4321 905 4384 1300
927 4325 1259 4391 Κανννμάχνννςδστίκνς.’
