3300 5067
725 510 766 575 17

154 699 269 769 Castu
299 710 335 768 et
367 700 444 769 ludo
466 703 593 786 degtmt
615 708 758 771 noctem.
782 705 987 773 Laudandus
1009 708 1063 772 est
1085 705 1255 786 Valerius,
1283 708 1342 788 qui

155 823 200 889 ad
221 840 278 890 res
301 830 382 893 ante
404 830 520 909 gestas
541 829 577 895 in
601 828 798 895 memoriam
817 829 1023 895 revocandas
1042 830 1212 912 Orpheum
1227 828 1343 896 Helles

150 948 298 1015 infelicis
316 954 461 1017 mortem
480 954 516 1017 et
532 951 647 1018 Phrixi
666 953 772 1019 ariete
783 968 885 1020 aureo
898 955 1026 1020 servati
1037 970 1155 1021 casum
1165 957 1342 1039 canentem

154 1071 292 1140 induxit
315 1070 530 1159 (240-293).
1171 1137 1173 1142 .

202 1196 266 1263 Tot
280 1198 445 1265 ettantis
468 1198 637 1266 vaticiniis
659 1199 820 1278 nondum,
846 1202 887 1266 ut
908 1200 1054 1280 videtur,
1075 1201 1233 1268 firmatus
1242 1200 1342 1269 Iason

154 1322 256 1387 navis
278 1322 424 1404 speciem
445 1338 505 1404 per
524 1338 682 1389 somnum
696 1301 845 1389 oblatam
864 1323 958 1390 videt
975 1322 1211 1391 adhortantem
1222 1295 1343 1392 etiam·

154 1450 233 1513 tum
266 1446 361 1513 ducis
393 1445 532 1514 dubium
561 1449 724 1516 animum.
751 1448 837 1532 „Ille
859 1448 1003 1531 pavensl
1026 1446 1115 1514 laeto
1136 1463 1342 1529 quamquam

153 1571 268 1637 omine
289 1566 446 1650 divum'',
468 1572 622 1653 prosiluit
643 1573 761 1639 stratis
783 1568 878 1659 (309)
900 1574 936 1638 et
953 1586 1201 1639 moxancoram
1211 1571 1342 1639 solvere

153 1695 258 1761 iussit
286 1695 403 1763 socios.
432 1694 586 1762 licerent
611 1701 721 1763 mater
750 1699 786 1762 et
815 1697 922 1778 pater.
953 1694 1101 1763 offendit
1121 1695 1209 1778 quod
1233 1697 1342 1761 mater

154 1819 246 1885 nihil.
260 1818 326 1885 nisi
347 1836 449 1887 suum
469 1820 577 1902 ipsius
600 1818 729 1887 luctum
752 1823 866 1886 curat:
888 1819 956 1886 tale
977 1819 1057 1901 quid
1074 1836 1112 1885 se
1130 1824 1339 1887 anteanum·

154 1945 261 2023 quam
282 1943 456 2027 timuisse,
479 1943 553 2010 aliis
575 1942 647 2011 Diis
670 1940 910 2031 (misericordia
932 1944 1033 2027 digna
1055 1942 1141 2030 esti)
1165 1948 1246 2011 vota
1264 1961 1340 2011 esse

149 2065 318 2133 facienda.
352 2066 479 2134 Deinde
511 2068 649 2135 timores
677 2071 713 2134 et
742 2084 840 2135 curas
870 2068 967 2150 longo
989 2084 1144 2135 sermone
1164 2072 1342 2137 enumerat

155 2188 374 2276 (aul-349).

202 2313 268 2381 Sed
289 2314 465 2383 videamus
485 2333 553 2399 quo
574 2315 672 2382 modo
690 2314 888 2399 Apollonius
907 2332 981 2382 rem
992 2332 1091 2383 suam
1102 2318 1219 2399 egerit
1239 2316 1340 2385 Initio

151 2438 347 2522 Apollinem
369 2440 449 2508 solis
472 2446 514 2508 et
529 2440 614 2506 lucis
633 2438 733 2505 deum
751 2440 888 2506 invocat
902 2443 938 2506 et
959 2444 1199 2523 argumentum
1210 2440 1341 2507 fabulae

156 2562 313 2644 exponit:
336 2562 463 2631 Peliam
484 2580 598 2646 regem
619 2562 761 2629 oraculis
780 2565 998 2646 exterritum,
1018 2579 1104 2645 quae
1113 2563 1342 2646 praedixerint

155 2701 237 2751 eum
266 2686 309 2752 ab
331 2686 465 2753 homine
486 2703 554 2753 uno
575 2686 684 2752 calceo
705 2685 823 2753 induto
845 2686 1064 2753 interiturum
1085 2702 1177 2769 esse,
1200 2687 1340 2753 iussisse

151 2811 323 2887 Iasonem,
347 2812 404 2893 qui
425 2810 469 2877 ad
490 2828 570 2877 eum
591 2811 723 2877 venerit
741 2810 846 2876 altero
865 2809 1340 2877 calceointransituiluminis

155 2936 299 3019 amisso,
338 2935 447 3002 vellus
488 2952 629 3001 aureum
662 2952 681 3001 e
714 2933 868 3001 Colchide
902 2938 1029 3017 petere.
1063 2934 1190 3001 Peliam
1223 2938 1338 3002 autom

155 3052 294 3125 Iunonis
327 3058 497 3141 Pelasgiae
527 3060 692 3125 rationem
722 3075 788 3125 non
811 3060 934 3126 habere
957 3074 1148 3139 navemque
1169 3056 1340 3124 Minervae

155 3198 220 3265 ope
240 3187 453 3250 exstmctam
475 3200 567 3262 csse,
589 3184 631 3249 ab
652 3182 727 3249 aliis
749 3183 819 3250 iam
837 3182 1003 3249 traditum
1016 3183 1339 3265 essemonetpoeta.

270 3306 319 3373 Ol.
343 3307 473 3374 18-22
496 3314 569 3382 Νῆα
590 3305 648 3384 μὲν
669 3299 715 3371 οὖν
738 3306 764 3371 οἱ
786 3303 920 3387 πρόσθεν
938 3304 1137 3371 ἐπικλείουσιν
1158 3303 1251 3369 aloldo}

270 3430 386 3512 Ἄργον
407 3428 573 3506 Ἀθηναίης
591 3430 718 3508 καμέειν
737 3426 1006 3511 ὑποθημοσύνησιν.

271 3558 320 3618 νῦν
342 3552 407 3619 δ’ἄν
429 3555 489 3633 ἐγὼ
511 3555 615 3632 γενεήν
639 3577 675 3618 πε
696 3553 749 3619 καί
772 3553 884 3632 οὔνομα
907 3552 1107 3632 μυθησαίμην

269 3676 363 3759 ηροίων
386 3678 512 3759 δολιχῆς
533 3700 570 3742 σε
593 3674 697 3759 πίροος
720 3678 794 3751 olida
817 3676 894 3743 ὅσσα
916 3675 1052 3759 π’ἔρεξαν

269 3801 468 3883 πλαζόμενοι·
493 3806 614 3868 Μοῦσαι
637 3800 857 3903 δ’ὑποφηπορες
880 3798 939 3867 εἷεν
961 3801 1072 3877 ἀοιδῆς.

202 3928 484 3997 Animadvertere
517 3928 619 3999 velim
653 3944 715 3994 nos
749 3928 784 3994 in
818 3928 947 3994 medias
983 3944 1039 3993 res
1071 3927 1215 3994 incidere
1247 3943 1340 3994 more

157 4051 268 4134 epioe:
303 4051 338 4119 in
373 4051 466 4135 cyclo
498 4052 590 4118 enim
622 4051 762 4117 Homeri
796 4054 833 4117 et
862 4050 1120 4117 Homeridarum
1151 4051 1340 4118 carminum

157 4174 265 4240 altera
281 4190 394 4241 rerum
413 4178 586 4257 gestarum
598 4175 702 4240 series
715 4174 813 4241 alteri
824 4174 1007 4240 succedens
1019 4174 1141 4257 effecit,
1153 4178 1194 4242 ut
1204 4174 1339 4243 exordio

156 4316 226 4365 non
256 4316 340 4384 opus
363 4299 474 4367 luerit.
500 4299 711 4382 Quamquam
733 4300 963 4406 Argonautica
985 4301 1020 4368 in
1043 4300 1135 4383 cyclo
1157 4301 1338 4383 epicenon

312 4422 320 4437 ·
1271 4405 1291 4469 2
