3300 5067
767 531 811 596 99

198 721 281 790 fecit
303 721 390 804 quod
412 721 469 788 alii
490 721 579 788 docti
601 727 720 806 poetae
742 721 832 790 illius
851 724 1013 807 temporis
1052 725 1109 806 qul
1127 725 1248 807 ingenii
1262 727 1383 810 poetici

199 844 316 912 ardore
347 845 504 912 destituti
537 862 646 928 nugae
679 848 842 914 curabant
871 847 907 913 in
936 851 1010 914 arte
1032 848 1191 928 metrica,
1214 849 1249 915 in
1273 853 1382 934 specie

199 967 346 1050 quadam
368 974 405 1037 et
426 985 549 1052 pompa
571 969 720 1054 dicendi,
737 971 772 1036 in
795 969 921 1052 ignotis
940 971 1173 1054 mythologicis
1192 971 1383 1041 nominibus

199 1097 237 1158 et
258 1094 360 1160 rebus
382 1109 505 1176 magno
528 1093 641 1162 studio
651 1095 688 1160 et
699 1094 809 1162 labore
820 1093 1069 1177 conquirendis
1091 1094 1251 1163 inaniore
1264 1097 1383 1164 descri-

199 1217 325 1297 bendo,
336 1219 393 1283 ubi
403 1217 548 1284 formam
560 1222 597 1284 et
606 1217 890 1301 pulchritudinem
902 1219 998 1300 vagis
1012 1217 1216 1300 imaginibus
1227 1223 1383 1303 tantum,

200 1359 263 1408 nec
286 1341 392 1408 animi
410 1343 652 1418 commotiones
671 1342 908 1424 designabant,
930 1342 1185 1424 vanasuperbia
1197 1343 1251 1409 usi
1263 1347 1298 1410 et
1310 1345 1384 1412 odio

198 1467 233 1532 in
257 1481 333 1549 eos,
357 1466 502 1546 qui-non
520 1465 642 1533 iisdem
660 1466 783 1532 studiis
799 1465 960 1532 favebant
979 1482 1087 1549 neque
1099 1466 1240 1533 eandem
1253 1473 1382 1535 sectam

199 1590 424 1672 sequebantur
447 1593 504 1668 1).·
523 1590 636 1673 liagni
658 1595 714 1657 est
736 1591 918 1674 momenti,
942 1591 1030 1672 quod
1054 1595 1145 1658 artes
1167 1608 1234 1658 non
1256 1591 1325 1659 iam
1347 1592 1382 1660 in

198 1714 419 1796 reipublicae
441 1715 618 1800 honorem,
643 1715 718 1793 sed,
743 1716 784 1782 ut
802 1713 928 1782 nostris
947 1715 1168 1800 temporibus
1194 1733 1256 1782 sua
1274 1716 1384 1798 gratia
1417 1753 1419 1758 ,

200 1837 393 1905 colebantur
415 1835 468 1924 2),
492 1838 579 1921 quod
601 1837 788 1921 simplicem
810 1839 992 1906 veritatem
1014 1839 1177 1920 augebat,
1202 1855 1287 1921 quae
1309 1857 1382 1922 pro·

199 1961 293 2042 prius
322 1966 378 2029 est
408 1966 538 2046 nostro,
567 1966 607 2030 ut
629 1963 786 2044 dicimus,
809 1962 976 2030 realismo.
1011 1961 1128 2029 Vitam
1152 1961 1381 2044 quotidianam

199 2085 306 2168 plebis
317 2091 498 2167 quaestum
508 2086 663 2154 facientis
673 2089 838 2156 urbanam
849 2091 885 2154 et
896 2085 1069 2163 rusticam,
1082 2083 1207 2153 multas
1223 2089 1384 2154 externas

199 2225 253 2275 res
276 2225 343 2275 non
364 2226 446 2277 sane
468 2211 581 2298 magni
605 2212 769 2279 momenti
788 2209 848 2277 sed
867 2227 952 2292 quae
963 2210 1130 2292 pictorum
1141 2211 1254 2276 oculos
1265 2214 1382 2278 tenere

201 2331 326 2416 soient,
349 2334 568 2402 eruditissimi
579 2335 684 2402 etiam
694 2337 885 2418 poetae,ut
896 2331 1135 2412 Callimachus,
1148 2333 1383 2417 mythologicis

200 2462 410 2543 argumentis
432 2462 648 2528 inseruerunt
670 2456 717 2546 3).

244 2585 410 2654 Nonnulla
441 2590 615 2668 praeterea
649 2600 815 2666 exponere
848 2583 932 2650 mini
964 2583 998 2650 in
1022 2581 1134 2649 animo
1157 2585 1211 2649 est
1234 2586 1275 2648 ut
1296 2583 1380 2649 bene
1425 2666 1428 2674 y

199 2709 405 2794 intelligatur
432 2711 518 2777 hanc
547 2711 582 2776 in
610 2708 850 2793 Argonautiois
879 2709 1013 2789 longam
1044 2705 1283 2789 digressionem
1313 2721 1380 2772 non
1433 2702 1439 2708 ’

199 2834 313 2901 minus
336 2849 449 2900 rerum
471 2832 585 2901 ordine
606 2833 800 2916 exstitisse,
824 2848 927 2914 quarn
950 2830 1080 2898 ratione
1103 2835 1140 2897 et
1161 2828 1273 2896 studio
1291 2829 1381 2897 illius

199 2957 530 3025 memorabilissimae
562 2958 696 3026 aetatis,
734 2955 942 3039 Quamquam
976 2957 1116 3024 florente
1150 2955 1256 3038 lyrica
1288 2955 1380 3037 poesi

196 3161 388 3221 amoenitatem
409 3161 560 3221 describere
579 3160 674 3221 solitos
692 3177 753 3222 esse
768 3164 798 3220 et
812 3164 887 3221 uter
897 3161 947 3228 iia,
969 3176 1040 3236 quae
1049 3159 1153 3234 passim
1163 3159 1309 3235 proferam,
1326 3158 1383 3218 dis·

196 3269 301 3328 crimen
330 3267 402 3327 inter
430 3267 609 3342 Apollonium
635 3271 664 3328 et
693 3267 892 3328 Callimachum
922 3266 1041 3341 perspici
1070 3266 1166 3340 possit.
1204 3265 1246 3324 De
1266 3281 1381 3339 quorum

196 3375 344 3434 inimicitia
363 3374 426 3434 vide
445 3374 533 3434 Couat
551 3374 722 3434 493-514.

238 3485 268 3556 1)
288 3481 331 3541 De
350 3481 395 3540 his
415 3481 541 3540 omnihus
561 3480 685 3556 exempla
704 3481 793 3540 multa
812 3479 991 3539 inveniuntur
1011 3479 1040 3537 in
1060 3477 1221 3538 Callimachi
1237 3476 1333 3550 elegiis
1353 3479 1382 3536 et

196 3589 370 3663 fragmentis.

238 3694 269 3769 2)
290 3695 332 3754 Cf.
353 3693 453 3766 (leuat,
472 3711 537 3770 pag.
558 3693 627 3755 516.

177 3804 179 3809 ’
238 3801 269 3875 3)
290 3801 332 3860 Cf.
363 3801 505 3876 Originem
530 3801 643 3862 Hermia
660 3801 691 3860 in
710 3801 920 3861 hhathosthenis
940 3798 1060 3858 carmine
1081 3795 1234 3868 «Hermo»,
1256 3795 1382 3854 Philotae

197 3908 368 3982 fragmenta,
387 3907 523 3968 Theocriti
542 3909 639 3983 idyllia
651 3907 793 3996 ‘imprimis
812 3907 874 3983 XV,
895 3904 1055 3966 Callimachi
1076 3902 1216 3962 Palladem
1226 3902 1379 3973 lavantem,

197 4013 310 4074 Comaru
324 4013 483 4088 Berenicis,
504 4013 635 4075 Hecalen.

237 4121 358 4196 llahaliy
378 4120 452 4182 241:
472 4121 530 4180 But
549 4121 566 4178 1
584 4123 660 4180 must
679 4123 728 4180 not
746 4120 837 4194 iorget
852 4123 880 4179 to
900 4118 1022 4180 mention
1032 4117 1145 4184 another
1155 4115 1265 4175 ourious
1275 4115 1379 4174 feature

198 4229 228 4288 in
257 4229 335 4288 these
360 4243 471 4302 poenis,
501 4228 590 4286 which
616 4227 641 4285 is
666 4227 715 4287 the
740 4227 818 4286 habit
844 4227 875 4286 of
892 4225 1037 4300 shotohing
1055 4223 1176 4284 realistic
1196 4237 1290 4281 soenes
1309 4220 1378 4278 from

199 4335 325 4410 ordinary
345 4334 402 4394 life.
