<?xml version="1.0" encoding="UTF-8"?>
<!DOCTYPE html PUBLIC "-//W3C//DTD XHTML 1.0 Transitional//EN"
    "http://www.w3.org/TR/xhtml1/DTD/xhtml1-transitional.dtd">
<html xmlns="http://www.w3.org/1999/xhtml" xml:lang="en" lang="en">
 <head>
  <title>
</title>
<meta http-equiv="Content-Type" content="text/html;charset=utf-8" />
  <meta name='ocr-system' content='tesseract 3.04.00' />
  <meta name='ocr-capabilities' content='ocr_page ocr_carea ocr_par ocr_line ocrx_word'/>
</head>
<body>
  <div class='ocr_page' id='page_1' title='image "./deapolloniirhod00moltgoog_0049.png"; bbox 0 0 3300 5067; ppageno 0'>
   <div class='ocr_carea' id='block_1_1' title="bbox 771 511 813 578">
    <p class='ocr_par' dir='ltr' id='par_1_1' title="bbox 771 511 813 578">
     <span class='ocr_line' id='line_1_1' title="bbox 771 511 813 578; baseline 0 0"><span class='ocrx_word' id='word_1_1' title='bbox 771 511 813 578; x_wconf 79' lang='lat' dir='ltr'>at</span> 
     </span>
    </p>
   </div>
   <div class='ocr_carea' id='block_1_2' title="bbox 201 700 1423 2022">
    <p class='ocr_par' dir='ltr' id='par_1_2' title="bbox 201 700 1423 2022">
     <span class='ocr_line' id='line_1_2' title="bbox 203 700 1388 801; baseline 0.003 -34"><span class='ocrx_word' id='word_1_2' title='bbox 203 700 392 769; x_wconf 81' lang='lat' dir='ltr'>liberandae</span> <span class='ocrx_word' id='word_1_3' title='bbox 417 703 573 771; x_wconf 79' lang='lat' dir='ltr'>frustrati</span> <span class='ocrx_word' id='word_1_4' title='bbox 596 704 906 801; x_wconf 15' lang='lat' dir='ltr'>voluntariam-aur</span> <span class='ocrx_word' id='word_1_5' title='bbox 928 722 991 771; x_wconf 87' lang='lat' dir='ltr'>sua</span> <span class='ocrx_word' id='word_1_6' title='bbox 1013 709 1133 788; x_wconf 89' lang='lat' dir='ltr'>sponte</span> <span class='ocrx_word' id='word_1_7' title='bbox 1155 708 1217 771; x_wconf 90' lang='lat' dir='ltr'>aut</span> <span class='ocrx_word' id='word_1_8' title='bbox 1235 704 1388 771; x_wconf 84' lang='lat' dir='ltr'>Caesaris</span> 
     </span>
     <span class='ocr_line' id='line_1_3' title="bbox 203 826 1389 913; baseline 0.003 -22"><span class='ocrx_word' id='word_1_9' title='bbox 203 828 290 892; x_wconf 88' lang='lat' dir='ltr'>nutu</span> <span class='ocrx_word' id='word_1_10' title='bbox 301 831 447 894; x_wconf 91' lang='lat' dir='ltr'>mortem</span> <span class='ocrx_word' id='word_1_11' title='bbox 466 827 530 895; x_wconf 86' lang='lat' dir='ltr'>sibi</span> <span class='ocrx_word' id='word_1_12' title='bbox 541 829 782 895; x_wconf 89' lang='lat' dir='ltr'>consciverant.</span> <span class='ocrx_word' id='word_1_13' title='bbox 807 828 978 910; x_wconf 89' lang='lat' dir='ltr'>Imprimis</span> <span class='ocrx_word' id='word_1_14' title='bbox 989 829 1081 895; x_wconf 91' lang='lat' dir='ltr'>enirn</span> <span class='ocrx_word' id='word_1_15' title='bbox 1091 829 1221 911; x_wconf 88' lang='lat' dir='ltr'>patricii</span> <span class='ocrx_word' id='word_1_16' title='bbox 1232 826 1389 913; x_wconf 71' lang='lat' dir='ltr'>(camina</span> 
     </span>
     <span class='ocr_line' id='line_1_4' title="bbox 201 949 1388 1037; baseline 0.003 -22"><span class='ocrx_word' id='word_1_17' title='bbox 201 949 330 1016; x_wconf 89' lang='lat' dir='ltr'>Paetus</span> <span class='ocrx_word' id='word_1_18' title='bbox 340 966 429 1017; x_wconf 91' lang='lat' dir='ltr'>anno</span> <span class='ocrx_word' id='word_1_19' title='bbox 440 952 483 1016; x_wconf 82' lang='lat'>42</span> <span class='ocrx_word' id='word_1_20' title='bbox 495 954 531 1017; x_wconf 90' lang='lat' dir='ltr'>et</span> <span class='ocrx_word' id='word_1_21' title='bbox 542 952 690 1017; x_wconf 81' lang='lat' dir='ltr'>Thrasea</span> <span class='ocrx_word' id='word_1_22' title='bbox 700 949 827 1019; x_wconf 86' lang='lat' dir='ltr'>Paetus</span> <span class='ocrx_word' id='word_1_23' title='bbox 839 952 894 1032; x_wconf 86' lang='lat'>66,</span> <span class='ocrx_word' id='word_1_24' title='bbox 906 950 1035 1018; x_wconf 85' lang='lat' dir='ltr'>Seneca</span> <span class='ocrx_word' id='word_1_25' title='bbox 1045 951 1271 1037; x_wconf 89' lang='lat' dir='ltr'>philosophus,</span> <span class='ocrx_word' id='word_1_26' title='bbox 1283 951 1388 1019; x_wconf 88' lang='lat' dir='ltr'>Luca·</span> 
     </span>
     <span class='ocr_line' id='line_1_5' title="bbox 202 1073 1388 1159; baseline 0.006 -22"><span class='ocrx_word' id='word_1_27' title='bbox 202 1090 269 1139; x_wconf 90' lang='lat' dir='ltr'>nus</span> <span class='ocrx_word' id='word_1_28' title='bbox 291 1073 456 1156; x_wconf 87' lang='lat' dir='ltr'>multique</span> <span class='ocrx_word' id='word_1_29' title='bbox 478 1074 548 1159; x_wconf 84' lang='lat' dir='ltr'>alii)</span> <span class='ocrx_word' id='word_1_30' title='bbox 566 1074 688 1143; x_wconf 89' lang='lat' dir='ltr'>Stoicis</span> <span class='ocrx_word' id='word_1_31' title='bbox 698 1075 886 1157; x_wconf 87' lang='lat' dir='ltr'>praeceptis</span> <span class='ocrx_word' id='word_1_32' title='bbox 895 1075 1019 1141; x_wconf 88' lang='lat' dir='ltr'>imbuti</span> <span class='ocrx_word' id='word_1_33' title='bbox 1029 1078 1066 1141; x_wconf 89' lang='lat' dir='ltr'>et</span> <span class='ocrx_word' id='word_1_34' title='bbox 1077 1077 1242 1144; x_wconf 88' lang='lat' dir='ltr'>maiorum</span> <span class='ocrx_word' id='word_1_35' title='bbox 1253 1076 1388 1159; x_wconf 81' lang='lat' dir='ltr'>integri·</span> 
     </span>
     <span class='ocr_line' id='line_1_6' title="bbox 202 1197 1388 1289; baseline 0.004 -28"><span class='ocrx_word' id='word_1_36' title='bbox 202 1198 313 1263; x_wconf 87' lang='lat' dir='ltr'>tatem</span> <span class='ocrx_word' id='word_1_37' title='bbox 334 1198 481 1264; x_wconf 88' lang='lat' dir='ltr'>recentis</span> <span class='ocrx_word' id='word_1_38' title='bbox 500 1199 663 1279; x_wconf 87' lang='lat' dir='ltr'>temporis</span> <span class='ocrx_word' id='word_1_39' title='bbox 682 1197 896 1289; x_wconf 82' lang='lat' dir='ltr'>degeneretis</span> <span class='ocrx_word' id='word_1_40' title='bbox 907 1198 1056 1264; x_wconf 87' lang='lat' dir='ltr'>moribus</span> <span class='ocrx_word' id='word_1_41' title='bbox 1066 1200 1294 1279; x_wconf 82' lang='lat' dir='ltr'>praeferentes</span> <span class='ocrx_word' id='word_1_42' title='bbox 1306 1198 1388 1266; x_wconf 85' lang='lat' dir='ltr'>Cae·</span> 
     </span>
     <span class='ocr_line' id='line_1_7' title="bbox 203 1322 1388 1403; baseline 0.003 -17"><span class='ocrx_word' id='word_1_43' title='bbox 203 1337 471 1403; x_wconf 84' lang='lat' dir='ltr'>sarumregnum</span> <span class='ocrx_word' id='word_1_44' title='bbox 484 1325 638 1388; x_wconf 89' lang='lat' dir='ltr'>evertere</span> <span class='ocrx_word' id='word_1_45' title='bbox 649 1322 761 1389; x_wconf 90' lang='lat' dir='ltr'>conari</span> <span class='ocrx_word' id='word_1_46' title='bbox 774 1338 841 1388; x_wconf 92' lang='lat' dir='ltr'>non</span> <span class='ocrx_word' id='word_1_47' title='bbox 853 1338 1040 1403; x_wconf 90' lang='lat' dir='ltr'>numquam</span> <span class='ocrx_word' id='word_1_48' title='bbox 1051 1322 1126 1388; x_wconf 88' lang='lat' dir='ltr'>ausi</span> <span class='ocrx_word' id='word_1_49' title='bbox 1134 1323 1388 1390; x_wconf 80' lang='lat' dir='ltr'>erantInStoi·</span> 
     </span>
     <span class='ocr_line' id='line_1_8' title="bbox 203 1444 1389 1527; baseline 0.002 -16"><span class='ocrx_word' id='word_1_50' title='bbox 203 1460 319 1511; x_wconf 90' lang='lat' dir='ltr'>corurn</span> <span class='ocrx_word' id='word_1_51' title='bbox 331 1444 612 1527; x_wconf 83' lang='lat' dir='ltr'>gregeValerium</span> <span class='ocrx_word' id='word_1_52' title='bbox 623 1445 731 1512; x_wconf 85' lang='lat' dir='ltr'>fuisse</span> <span class='ocrx_word' id='word_1_53' title='bbox 741 1445 925 1512; x_wconf 85' lang='lat' dir='ltr'>verisimile</span> <span class='ocrx_word' id='word_1_54' title='bbox 936 1445 1081 1512; x_wconf 87' lang='lat' dir='ltr'>videtur.</span> <span class='ocrx_word' id='word_1_55' title='bbox 1093 1446 1240 1512; x_wconf 75' lang='lat' dir='ltr'>Tantum</span> <span class='ocrx_word' id='word_1_56' title='bbox 1251 1446 1389 1527; x_wconf 91' lang='lat' dir='ltr'>quidem</span> 
     </span>
     <span class='ocr_line' id='line_1_9' title="bbox 202 1567 1423 1656; baseline 0.003 -24"><span class='ocrx_word' id='word_1_57' title='bbox 202 1572 343 1650; x_wconf 87' lang='lat' dir='ltr'>apparet</span> <span class='ocrx_word' id='word_1_58' title='bbox 372 1585 451 1634; x_wconf 90' lang='lat' dir='ltr'>eum</span> <span class='ocrx_word' id='word_1_59' title='bbox 474 1568 582 1635; x_wconf 86' lang='lat' dir='ltr'>multa</span> <span class='ocrx_word' id='word_1_60' title='bbox 604 1568 777 1636; x_wconf 78' lang='lat' dir='ltr'>derivasse</span> <span class='ocrx_word' id='word_1_61' title='bbox 800 1570 842 1635; x_wconf 91' lang='lat' dir='ltr'>de</span> <span class='ocrx_word' id='word_1_62' title='bbox 863 1569 1069 1653; x_wconf 82' lang='lat' dir='ltr'><strong>philosophia</strong></span> <span class='ocrx_word' id='word_1_63' title='bbox 1094 1567 1139 1656; x_wconf 84' lang='lat'>1),</span> <span class='ocrx_word' id='word_1_64' title='bbox 1161 1587 1248 1652; x_wconf 86' lang='lat' dir='ltr'>quae</span> <span class='ocrx_word' id='word_1_65' title='bbox 1268 1587 1387 1636; x_wconf 90' lang='lat' dir='ltr'>veram</span> <span class='ocrx_word' id='word_1_66' title='bbox 1420 1584 1423 1597; x_wconf 92' lang='lat'>·</span> 
     </span>
     <span class='ocr_line' id='line_1_10' title="bbox 203 1691 1416 1775; baseline 0.001 -18"><span class='ocrx_word' id='word_1_67' title='bbox 203 1692 369 1757; x_wconf 81' lang='lat' dir='ltr'>virtutem</span> <span class='ocrx_word' id='word_1_68' title='bbox 392 1708 533 1775; x_wconf 84' lang='lat' dir='ltr'>regnum</span> <span class='ocrx_word' id='word_1_69' title='bbox 555 1707 632 1757; x_wconf 91' lang='lat' dir='ltr'>esse</span> <span class='ocrx_word' id='word_1_70' title='bbox 655 1693 692 1757; x_wconf 88' lang='lat' dir='ltr'>et</span> <span class='ocrx_word' id='word_1_71' title='bbox 713 1691 916 1774; x_wconf 89' lang='lat' dir='ltr'>reipublicae</span> <span class='ocrx_word' id='word_1_72' title='bbox 937 1693 1131 1760; x_wconf 88' lang='lat' dir='ltr'>libertatem</span> <span class='ocrx_word' id='word_1_73' title='bbox 1141 1691 1387 1760; x_wconf 89' lang='lat' dir='ltr'>restituendam</span> <span class='ocrx_word' id='word_1_74' title='bbox 1414 1691 1416 1696; x_wconf 80' lang='grc'>’</span> 
     </span>
     <span class='ocr_line' id='line_1_11' title="bbox 201 1815 1387 1899; baseline 0 -18"><span class='ocrx_word' id='word_1_75' title='bbox 201 1831 280 1881; x_wconf 89' lang='lat' dir='ltr'>esse</span> <span class='ocrx_word' id='word_1_76' title='bbox 312 1815 435 1883; x_wconf 89' lang='lat' dir='ltr'>docens</span> <span class='ocrx_word' id='word_1_77' title='bbox 467 1816 518 1883; x_wconf 85' lang='lat' dir='ltr'>ita</span> <span class='ocrx_word' id='word_1_78' title='bbox 540 1815 781 1883; x_wconf 89' lang='lat' dir='ltr'>consuetudine</span> <span class='ocrx_word' id='word_1_79' title='bbox 804 1818 939 1899; x_wconf 87' lang='lat' dir='ltr'>recepta</span> <span class='ocrx_word' id='word_1_80' title='bbox 961 1820 1046 1894; x_wconf 89' lang='lat' dir='ltr'>erat,</span> <span class='ocrx_word' id='word_1_81' title='bbox 1068 1819 1108 1883; x_wconf 90' lang='grc' dir='ltr'>ιιι</span> <span class='ocrx_word' id='word_1_82' title='bbox 1125 1817 1230 1883; x_wconf 90' lang='lat' dir='ltr'>etiam</span> <span class='ocrx_word' id='word_1_83' title='bbox 1251 1816 1286 1881; x_wconf 93' lang='lat' dir='ltr'>in</span> <span class='ocrx_word' id='word_1_84' title='bbox 1308 1815 1387 1881; x_wconf 90' lang='lat' dir='ltr'>aula</span> 
     </span>
     <span class='ocr_line' id='line_1_12' title="bbox 201 1938 1386 2022; baseline 0 -17"><span class='ocrx_word' id='word_1_85' title='bbox 201 1939 418 2020; x_wconf 84' lang='lat' dir='ltr'>imperatoria</span> <span class='ocrx_word' id='word_1_86' title='bbox 452 1938 640 2007; x_wconf 88' lang='lat' dir='ltr'>Stoicorum</span> <span class='ocrx_word' id='word_1_87' title='bbox 654 1994 657 2003; x_wconf 89' lang='lat'><em>.</em></span> <span class='ocrx_word' id='word_1_88' title='bbox 670 1938 811 2022; x_wconf 85' lang='lat' dir='ltr'>placita,</span> <span class='ocrx_word' id='word_1_89' title='bbox 842 1939 1023 2007; x_wconf 90' lang='lat' dir='ltr'>dummodo</span> <span class='ocrx_word' id='word_1_90' title='bbox 1052 1958 1096 2006; x_wconf 92' lang='lat' dir='ltr'>ne</span> <span class='ocrx_word' id='word_1_91' title='bbox 1127 1957 1194 2007; x_wconf 92' lang='lat' dir='ltr'>usu</span> <span class='ocrx_word' id='word_1_92' title='bbox 1215 1939 1386 2019; x_wconf 89' lang='lat' dir='ltr'>valerent,</span> 
     </span>
    </p>
   </div>
   <div class='ocr_carea' id='block_1_3' title="bbox 99 2061 1387 2152">
    <p class='ocr_par' dir='ltr' id='par_1_3' title="bbox 99 2061 1387 2152">
     <span class='ocr_line' id='line_1_13' title="bbox 99 2061 1387 2152; baseline 0.002 -25"><span class='ocrx_word' id='word_1_93' title='bbox 99 2146 104 2152; x_wconf 20' lang='grc' dir='ltr'><strong><em>ι</em></strong></span> <span class='ocrx_word' id='word_1_94' title='bbox 204 2061 371 2129; x_wconf 90' lang='lat' dir='ltr'>Juliorum</span> <span class='ocrx_word' id='word_1_95' title='bbox 394 2062 536 2129; x_wconf 80' lang='lat' dir='ltr'>comites</span> <span class='ocrx_word' id='word_1_96' title='bbox 560 2066 746 2130; x_wconf 78' lang='lat' dir='ltr'>sectatores</span> <span class='ocrx_word' id='word_1_97' title='bbox 767 2064 971 2131; x_wconf 89' lang='lat' dir='ltr'>invenerint.</span> <span class='ocrx_word' id='word_1_98' title='bbox 1005 2064 1089 2131; x_wconf 84' lang='lat' dir='ltr'>Tota</span> <span class='ocrx_word' id='word_1_99' title='bbox 1111 2065 1174 2131; x_wconf 90' lang='lat' dir='ltr'>hac</span> <span class='ocrx_word' id='word_1_100' title='bbox 1194 2065 1387 2130; x_wconf 82' lang='lat' dir='ltr'>narratione</span> 
     </span>
    </p>
   </div>
   <div class='ocr_carea' id='block_1_4' title="bbox 195 2187 1391 3637">
    <p class='ocr_par' dir='ltr' id='par_1_4' title="bbox 195 2187 1391 3142">
     <span class='ocr_line' id='line_1_14' title="bbox 200 2187 1384 2269; baseline 0.001 -17"><span class='ocrx_word' id='word_1_101' title='bbox 200 2187 366 2269; x_wconf 89' lang='lat' dir='ltr'>temporis</span> <span class='ocrx_word' id='word_1_102' title='bbox 403 2188 456 2253; x_wconf 91' lang='lat' dir='ltr'>sui</span> <span class='ocrx_word' id='word_1_103' title='bbox 489 2202 601 2253; x_wconf 90' lang='lat' dir='ltr'>mores</span> <span class='ocrx_word' id='word_1_104' title='bbox 622 2190 669 2252; x_wconf 87' lang='lat' dir='ltr'>et</span> <span class='ocrx_word' id='word_1_105' title='bbox 702 2187 875 2269; x_wconf 87' lang='lat' dir='ltr'>opiniones</span> <span class='ocrx_word' id='word_1_106' title='bbox 907 2187 1057 2253; x_wconf 87' lang='lat' dir='ltr'>illustrat</span> <span class='ocrx_word' id='word_1_107' title='bbox 1095 2191 1195 2267; x_wconf 90' lang='lat' dir='ltr'>poeta</span> <span class='ocrx_word' id='word_1_108' title='bbox 1227 2202 1384 2253; x_wconf 88' lang='lat' dir='ltr'>coronam</span> 
     </span>
     <span class='ocr_line' id='line_1_15' title="bbox 201 2308 1387 2392; baseline -0.002 -15"><span class='ocrx_word' id='word_1_109' title='bbox 201 2309 390 2377; x_wconf 90' lang='lat' dir='ltr'>delectandi</span> <span class='ocrx_word' id='word_1_110' title='bbox 412 2326 524 2375; x_wconf 88' lang='lat' dir='ltr'>causa.</span> <span class='ocrx_word' id='word_1_111' title='bbox 552 2311 667 2377; x_wconf 86' lang='lat' dir='ltr'>Aeson</span> <span class='ocrx_word' id='word_1_112' title='bbox 691 2310 800 2377; x_wconf 85' lang='lat' dir='ltr'>multa</span> <span class='ocrx_word' id='word_1_113' title='bbox 821 2310 911 2376; x_wconf 90' lang='lat' dir='ltr'>mala</span> <span class='ocrx_word' id='word_1_114' title='bbox 933 2310 968 2375; x_wconf 93' lang='lat' dir='ltr'>in</span> <span class='ocrx_word' id='word_1_115' title='bbox 991 2308 1120 2375; x_wconf 87' lang='lat' dir='ltr'>Peliam</span> <span class='ocrx_word' id='word_1_116' title='bbox 1142 2314 1317 2392; x_wconf 88' lang='lat' dir='ltr'>precatus.</span> <span class='ocrx_word' id='word_1_117' title='bbox 1346 2312 1387 2376; x_wconf 91' lang='lat' dir='ltr'>ut</span> 
     </span>
     <span class='ocr_line' id='line_1_16' title="bbox 200 2432 1391 2518; baseline 0.001 -18"><span class='ocrx_word' id='word_1_118' title='bbox 200 2434 365 2500; x_wconf 89' lang='lat' dir='ltr'>membris</span> <span class='ocrx_word' id='word_1_119' title='bbox 386 2450 463 2500; x_wconf 90' lang='lat' dir='ltr'>cara</span> <span class='ocrx_word' id='word_1_120' title='bbox 485 2450 623 2500; x_wconf 90' lang='lat' dir='ltr'>suorum</span> <span class='ocrx_word' id='word_1_121' title='bbox 648 2451 751 2501; x_wconf 88' lang='lat' dir='ltr'>manu</span> <span class='ocrx_word' id='word_1_122' title='bbox 773 2432 915 2514; x_wconf 85' lang='lat' dir='ltr'>direptis</span> <span class='ocrx_word' id='word_1_123' title='bbox 937 2449 1015 2499; x_wconf 88' lang='lat' dir='ltr'>sera</span> <span class='ocrx_word' id='word_1_124' title='bbox 1037 2449 1129 2499; x_wconf 91' lang='lat' dir='ltr'>mers</span> <span class='ocrx_word' id='word_1_125' title='bbox 1141 2433 1391 2518; x_wconf 81' lang='lat' dir='ltr'>Peliaeeffugia</span> 
     </span>
     <span class='ocr_line' id='line_1_17' title="bbox 200 2556 1386 2643; baseline 0.001 -20"><span class='ocrx_word' id='word_1_126' title='bbox 200 2556 378 2623; x_wconf 86' lang='lat' dir='ltr'>crudeliter</span> <span class='ocrx_word' id='word_1_127' title='bbox 407 2558 540 2625; x_wconf 90' lang='lat' dir='ltr'>claudat</span> <span class='ocrx_word' id='word_1_128' title='bbox 569 2557 677 2643; x_wconf 82' lang='grc'>(804),</span> <span class='ocrx_word' id='word_1_129' title='bbox 709 2560 873 2641; x_wconf 81' lang='lat' dir='ltr'>sanguine</span> <span class='ocrx_word' id='word_1_130' title='bbox 905 2560 1037 2626; x_wconf 91' lang='lat' dir='ltr'>taurino</span> <span class='ocrx_word' id='word_1_131' title='bbox 1071 2578 1139 2626; x_wconf 85' lang='lat' dir='ltr'>una</span> <span class='ocrx_word' id='word_1_132' title='bbox 1172 2578 1250 2626; x_wconf 89' lang='lat' dir='ltr'>curn</span> <span class='ocrx_word' id='word_1_133' title='bbox 1282 2575 1386 2625; x_wconf 86' lang='lat' dir='ltr'>uxore</span> 
     </span>
     <span class='ocr_line' id='line_1_18' title="bbox 199 2681 1385 2767; baseline 0 -19"><span class='ocrx_word' id='word_1_134' title='bbox 199 2682 324 2748; x_wconf 89' lang='lat' dir='ltr'>hausto</span> <span class='ocrx_word' id='word_1_135' title='bbox 357 2682 498 2749; x_wconf 88' lang='lat' dir='ltr'>interiit.</span> <span class='ocrx_word' id='word_1_136' title='bbox 533 2681 727 2767; x_wconf 77' lang='lat' dir='ltr'>Suppliciis,</span> <span class='ocrx_word' id='word_1_137' title='bbox 758 2699 844 2765; x_wconf 88' lang='lat' dir='ltr'>quae</span> <span class='ocrx_word' id='word_1_138' title='bbox 866 2683 979 2749; x_wconf 87' lang='lat' dir='ltr'>Peliae</span> <span class='ocrx_word' id='word_1_139' title='bbox 1001 2685 1037 2750; x_wconf 92' lang='lat' dir='ltr'>in</span> <span class='ocrx_word' id='word_1_140' title='bbox 1058 2685 1212 2752; x_wconf 86' lang='lat' dir='ltr'>tlrturum</span> <span class='ocrx_word' id='word_1_141' title='bbox 1234 2684 1385 2749; x_wconf 88' lang='lat' dir='ltr'>minatur</span> 
     </span>
     <span class='ocr_line' id='line_1_19' title="bbox 198 2807 1386 2892; baseline -0.002 -17"><span class='ocrx_word' id='word_1_142' title='bbox 198 2809 334 2892; x_wconf 84' lang='lat' dir='ltr'>Aeson,</span> <span class='ocrx_word' id='word_1_143' title='bbox 353 2824 446 2874; x_wconf 91' lang='lat' dir='ltr'>mere</span> <span class='ocrx_word' id='word_1_144' title='bbox 462 2824 523 2875; x_wconf 85' lang='lat' dir='ltr'>suo</span> <span class='ocrx_word' id='word_1_145' title='bbox 545 2807 802 2890; x_wconf 85' lang='lat' dir='ltr'>diligentissime</span> <span class='ocrx_word' id='word_1_146' title='bbox 821 2809 999 2892; x_wconf 83' lang='lat' dir='ltr'>descriptis</span> <span class='ocrx_word' id='word_1_147' title='bbox 1017 2814 1154 2892; x_wconf 87' lang='lat' dir='ltr'>poetam</span> <span class='ocrx_word' id='word_1_148' title='bbox 1165 2808 1386 2878; x_wconf 87' lang='lat' dir='ltr'>dilataturum</span> 
     </span>
     <span class='ocr_line' id='line_1_20' title="bbox 199 2932 1386 3017; baseline 0.002 -19"><span class='ocrx_word' id='word_1_149' title='bbox 199 2932 308 2999; x_wconf 84' lang='lat' dir='ltr'>fuisse</span> <span class='ocrx_word' id='word_1_150' title='bbox 329 2934 569 3014; x_wconf 84' lang='lat' dir='ltr'>argumentum</span> <span class='ocrx_word' id='word_1_151' title='bbox 591 2948 697 3014; x_wconf 89' lang='lat' dir='ltr'>usque</span> <span class='ocrx_word' id='word_1_152' title='bbox 719 2932 762 2999; x_wconf 86' lang='lat' dir='ltr'>ad</span> <span class='ocrx_word' id='word_1_153' title='bbox 785 2933 929 2999; x_wconf 88' lang='lat' dir='ltr'>crudelis</span> <span class='ocrx_word' id='word_1_154' title='bbox 948 2933 1037 3015; x_wconf 84' lang='lat' dir='ltr'>regis</span> <span class='ocrx_word' id='word_1_155' title='bbox 1047 2937 1194 3001; x_wconf 88' lang='lat' dir='ltr'>mortem</span> <span class='ocrx_word' id='word_1_156' title='bbox 1205 2933 1386 3017; x_wconf 83' lang='lat' dir='ltr'>concedes,</span> 
     </span>
     <span class='ocr_line' id='line_1_21' title="bbox 195 3052 1063 3142; baseline 0 -19"><span class='ocrx_word' id='word_1_157' title='bbox 195 3057 233 3139; x_wconf 40' lang='lat' dir='ltr'>,si</span> <span class='ocrx_word' id='word_1_158' title='bbox 254 3055 419 3134; x_wconf 83' lang='lat' dir='ltr'>conferas,</span> <span class='ocrx_word' id='word_1_159' title='bbox 441 3072 529 3138; x_wconf 89' lang='lat' dir='ltr'>quae</span> <span class='ocrx_word' id='word_1_160' title='bbox 551 3056 592 3123; x_wconf 92' lang='lat' dir='ltr'>de</span> <span class='ocrx_word' id='word_1_161' title='bbox 615 3056 723 3139; x_wconf 83' lang='lat' dir='ltr'>Mopsi</span> <span class='ocrx_word' id='word_1_162' title='bbox 745 3056 907 3124; x_wconf 88' lang='lat' dir='ltr'>vaticinio</span> <span class='ocrx_word' id='word_1_163' title='bbox 929 3056 999 3123; x_wconf 85' lang='lat' dir='ltr'>dixi</span> <span class='ocrx_word' id='word_1_164' title='bbox 1018 3052 1063 3142; x_wconf 80' lang='lat'>2).</span> 
     </span>
    </p>

    <p class='ocr_par' dir='ltr' id='par_1_5' title="bbox 200 3178 1386 3637">
     <span class='ocr_line' id='line_1_22' title="bbox 246 3178 1385 3265; baseline 0.001 -20"><span class='ocrx_word' id='word_1_165' title='bbox 246 3180 415 3262; x_wconf 87' lang='lat' dir='ltr'>Odysseae</span> <span class='ocrx_word' id='word_1_166' title='bbox 433 3180 454 3247; x_wconf 91' lang='grc'>1.</span> <span class='ocrx_word' id='word_1_167' title='bbox 473 3178 536 3255; x_wconf 85' lang='lat' dir='ltr'>XI,</span> <span class='ocrx_word' id='word_1_168' title='bbox 547 3180 710 3247; x_wconf 90' lang='lat' dir='ltr'>horrenda</span> <span class='ocrx_word' id='word_1_169' title='bbox 720 3180 893 3265; x_wconf 85' lang='lat' dir='ltr'>sacrificia,</span> <span class='ocrx_word' id='word_1_170' title='bbox 905 3180 1028 3263; x_wconf 88' lang='lat' dir='ltr'>qulbus</span> <span class='ocrx_word' id='word_1_171' title='bbox 1039 3180 1202 3248; x_wconf 86' lang='lat' dir='ltr'>Horatius</span> <span class='ocrx_word' id='word_1_172' title='bbox 1212 3180 1385 3247; x_wconf 82' lang='lat' dir='ltr'>Canidiam</span> 
     </span>
     <span class='ocr_line' id='line_1_23' title="bbox 200 3301 1386 3387; baseline -0.001 -16"><span class='ocrx_word' id='word_1_173' title='bbox 200 3322 254 3386; x_wconf 90' lang='lat' dir='ltr'>ep.</span> <span class='ocrx_word' id='word_1_174' title='bbox 277 3306 316 3371; x_wconf 87' lang='grc'>17</span> <span class='ocrx_word' id='word_1_175' title='bbox 331 3306 373 3371; x_wconf 91' lang='lat'>:6</span> <span class='ocrx_word' id='word_1_176' title='bbox 395 3302 553 3370; x_wconf 91' lang='lat' dir='ltr'>ludribrio</span> <span class='ocrx_word' id='word_1_177' title='bbox 574 3304 686 3383; x_wconf 88' lang='lat' dir='ltr'>habet,</span> <span class='ocrx_word' id='word_1_178' title='bbox 709 3303 848 3387; x_wconf 82' lang='lat' dir='ltr'>Vergilii</span> <span class='ocrx_word' id='word_1_179' title='bbox 867 3305 954 3370; x_wconf 87' lang='lat' dir='ltr'>Aen.</span> <span class='ocrx_word' id='word_1_180' title='bbox 970 3304 992 3370; x_wconf 92' lang='grc'>1.</span> <span class='ocrx_word' id='word_1_181' title='bbox 1005 3301 1064 3386; x_wconf 91' lang='lat' dir='ltr'>VI,</span> <span class='ocrx_word' id='word_1_182' title='bbox 1076 3303 1202 3370; x_wconf 89' lang='lat' dir='ltr'>Lucani</span> <span class='ocrx_word' id='word_1_183' title='bbox 1213 3303 1386 3370; x_wconf 85' lang='lat' dir='ltr'>Pharsalia</span> 
     </span>
     <span class='ocr_line' id='line_1_24' title="bbox 200 3427 1385 3510; baseline -0.001 -17"><span class='ocrx_word' id='word_1_184' title='bbox 200 3427 375 3499; x_wconf 87' lang='lat' dir='ltr'>Valerium</span> <span class='ocrx_word' id='word_1_185' title='bbox 400 3428 474 3495; x_wconf 86' lang='lat' dir='ltr'>sine</span> <span class='ocrx_word' id='word_1_186' title='bbox 501 3428 600 3496; x_wconf 90' lang='lat' dir='ltr'>dubio</span> <span class='ocrx_word' id='word_1_187' title='bbox 629 3429 834 3509; x_wconf 85' lang='lat' dir='ltr'>inlexerant,</span> <span class='ocrx_word' id='word_1_188' title='bbox 857 3431 898 3494; x_wconf 92' lang='lat' dir='ltr'>ut</span> <span class='ocrx_word' id='word_1_189' title='bbox 920 3427 1031 3493; x_wconf 83' lang='lat' dir='ltr'>fusius</span> <span class='ocrx_word' id='word_1_190' title='bbox 1052 3427 1182 3495; x_wconf 89' lang='lat' dir='ltr'>Iasonis</span> <span class='ocrx_word' id='word_1_191' title='bbox 1204 3429 1385 3510; x_wconf 86' lang='lat' dir='ltr'>parentum</span> 
     </span>
     <span class='ocr_line' id='line_1_25' title="bbox 200 3549 1386 3637; baseline 0.001 -20"><span class='ocrx_word' id='word_1_192' title='bbox 200 3554 364 3628; x_wconf 85' lang='lat' dir='ltr'>mortem,</span> <span class='ocrx_word' id='word_1_193' title='bbox 384 3568 488 3634; x_wconf 89' lang='lat' dir='ltr'>quam</span> <span class='ocrx_word' id='word_1_194' title='bbox 505 3568 525 3618; x_wconf 91' lang='lat' dir='ltr'>e</span> <span class='ocrx_word' id='word_1_195' title='bbox 542 3549 686 3619; x_wconf 91' lang='lat' dir='ltr'>Diodoro</span> <span class='ocrx_word' id='word_1_196' title='bbox 705 3550 740 3637; x_wconf 83' lang='lat'>3)</span> <span class='ocrx_word' id='word_1_197' title='bbox 753 3551 938 3633; x_wconf 86' lang='lat' dir='ltr'>derivavit,</span> <span class='ocrx_word' id='word_1_198' title='bbox 955 3567 1078 3617; x_wconf 89' lang='lat' dir='ltr'>arcano</span> <span class='ocrx_word' id='word_1_199' title='bbox 1088 3551 1157 3618; x_wconf 85' lang='lat' dir='ltr'>n&#39;tu</span> <span class='ocrx_word' id='word_1_200' title='bbox 1168 3554 1204 3616; x_wconf 90' lang='lat' dir='ltr'>et</span> <span class='ocrx_word' id='word_1_201' title='bbox 1215 3550 1386 3618; x_wconf 76' lang='lat' dir='ltr'>sacnticiis</span> 
     </span>
    </p>
   </div>
   <div class='ocr_carea' id='block_1_5' title="bbox 242 3696 1388 3777">
    <p class='ocr_par' dir='ltr' id='par_1_6' title="bbox 242 3696 1388 3777">
     <span class='ocr_line' id='line_1_26' title="bbox 242 3696 1388 3777; baseline 0.003 -20"><span class='ocrx_word' id='word_1_202' title='bbox 242 3696 274 3777; x_wconf 83' lang='lat'>1)</span> <span class='ocrx_word' id='word_1_203' title='bbox 303 3700 585 3761; x_wconf 82' lang='lat' dir='ltr'>Animadvertendum</span> <span class='ocrx_word' id='word_1_204' title='bbox 615 3704 659 3761; x_wconf 85' lang='lat' dir='ltr'>est</span> <span class='ocrx_word' id='word_1_205' title='bbox 687 3701 717 3760; x_wconf 90' lang='lat' dir='ltr'>in</span> <span class='ocrx_word' id='word_1_206' title='bbox 737 3700 842 3761; x_wconf 89' lang='lat' dir='ltr'>Valerii</span> <span class='ocrx_word' id='word_1_207' title='bbox 862 3700 983 3761; x_wconf 89' lang='lat' dir='ltr'>carmine</span> <span class='ocrx_word' id='word_1_208' title='bbox 1003 3700 1097 3761; x_wconf 91' lang='lat' dir='ltr'>Iovem</span> <span class='ocrx_word' id='word_1_209' title='bbox 1116 3716 1176 3761; x_wconf 87' lang='lat' dir='ltr'>esse</span> <span class='ocrx_word' id='word_1_210' title='bbox 1195 3702 1388 3763; x_wconf 82' lang='lat' dir='ltr'>inexorabilem</span> 
     </span>
    </p>
   </div>
   <div class='ocr_carea' id='block_1_6' title="bbox 198 3796 1503 3876">
    <p class='ocr_par' dir='ltr' id='par_1_7' title="bbox 198 3796 1503 3876">
     <span class='ocr_line' id='line_1_27' title="bbox 198 3796 1503 3876; baseline 0.003 -21"><span class='ocrx_word' id='word_1_211' title='bbox 198 3796 263 3855; x_wconf 84' lang='lat' dir='ltr'>Fati</span> <span class='ocrx_word' id='word_1_212' title='bbox 293 3814 310 3855; x_wconf 90' lang='lat' dir='ltr'>a</span> <span class='ocrx_word' id='word_1_213' title='bbox 336 3813 366 3857; x_wconf 91' lang='lat' dir='ltr'>se</span> <span class='ocrx_word' id='word_1_214' title='bbox 386 3797 445 3872; x_wconf 87' lang='lat' dir='ltr'>ipso</span> <span class='ocrx_word' id='word_1_215' title='bbox 465 3800 609 3859; x_wconf 85' lang='lat' dir='ltr'>constituti</span> <span class='ocrx_word' id='word_1_216' title='bbox 630 3799 769 3859; x_wconf 87' lang='lat' dir='ltr'>auctorem</span> <span class='ocrx_word' id='word_1_217' title='bbox 788 3801 986 3876; x_wconf 81' lang='lat' dir='ltr'>atrociorem,</span> <span class='ocrx_word' id='word_1_218' title='bbox 1006 3801 1034 3858; x_wconf 87' lang='lat' dir='ltr'>et</span> <span class='ocrx_word' id='word_1_219' title='bbox 1053 3799 1194 3859; x_wconf 88' lang='lat' dir='ltr'>Valerium</span> <span class='ocrx_word' id='word_1_220' title='bbox 1213 3801 1320 3873; x_wconf 90' lang='lat' dir='ltr'>plebem</span> <span class='ocrx_word' id='word_1_221' title='bbox 1339 3800 1389 3858; x_wconf 90' lang='lat' dir='ltr'>ad·</span> <span class='ocrx_word' id='word_1_222' title='bbox 1498 3809 1503 3828; x_wconf 89' lang='lat'><strong><em>‘</em></strong></span> 
     </span>
    </p>
   </div>
   <div class='ocr_carea' id='block_1_7' title="bbox 197 3894 1389 4385">
    <p class='ocr_par' dir='ltr' id='par_1_8' title="bbox 197 3894 1258 3977">
     <span class='ocr_line' id='line_1_28' title="bbox 197 3894 1258 3977; baseline 0.003 -24"><span class='ocrx_word' id='word_1_223' title='bbox 197 3894 311 3954; x_wconf 91' lang='lat' dir='ltr'>modurn</span> <span class='ocrx_word' id='word_1_224' title='bbox 330 3898 502 3955; x_wconf 83' lang='lat' dir='ltr'>contemnere</span> <span class='ocrx_word' id='word_1_225' title='bbox 522 3898 559 3956; x_wconf 86' lang='lat' dir='ltr'>cl.</span> <span class='ocrx_word' id='word_1_226' title='bbox 582 3894 617 3955; x_wconf 88' lang='grc'>71</span> <span class='ocrx_word' id='word_1_227' title='bbox 640 3898 759 3977; x_wconf 88' lang='lat' dir='ltr'>populus</span> <span class='ocrx_word' id='word_1_228' title='bbox 779 3896 850 3956; x_wconf 88' lang='lat' dir='ltr'>levis</span> <span class='ocrx_word' id='word_1_229' title='bbox 870 3900 899 3956; x_wconf 86' lang='lat' dir='ltr'>et</span> <span class='ocrx_word' id='word_1_230' title='bbox 919 3896 976 3955; x_wconf 91' lang='grc'>761</span> <span class='ocrx_word' id='word_1_231' title='bbox 998 3896 1131 3957; x_wconf 87' lang='lat' dir='ltr'>mutabile</span> <span class='ocrx_word' id='word_1_232' title='bbox 1146 3898 1258 3971; x_wconf 80' lang='lat' dir='ltr'>vulgus.</span> 
     </span>
    </p>

    <p class='ocr_par' dir='ltr' id='par_1_9' title="bbox 242 3990 511 4070">
     <span class='ocr_line' id='line_1_29' title="bbox 242 3990 511 4070; baseline 0.007 -21"><span class='ocrx_word' id='word_1_233' title='bbox 242 3990 274 4070; x_wconf 82' lang='grc'>2)</span> <span class='ocrx_word' id='word_1_234' title='bbox 295 3992 358 4051; x_wconf 90' lang='lat' dir='ltr'>vide</span> <span class='ocrx_word' id='word_1_235' title='bbox 377 4010 441 4067; x_wconf 83' lang='lat' dir='ltr'>pag.</span> <span class='ocrx_word' id='word_1_236' title='bbox 464 3994 511 4052; x_wconf 84' lang='lat'>15.</span> 
     </span>
    </p>

    <p class='ocr_par' dir='ltr' id='par_1_10' title="bbox 198 4098 1389 4385">
     <span class='ocr_line' id='line_1_30' title="bbox 242 4098 1389 4176; baseline 0.003 -18"><span class='ocrx_word' id='word_1_237' title='bbox 242 4099 273 4174; x_wconf 83' lang='lat'>3)</span> <span class='ocrx_word' id='word_1_238' title='bbox 292 4101 328 4159; x_wconf 85' lang='lat' dir='ltr'>el.</span> <span class='ocrx_word' id='word_1_239' title='bbox 348 4099 430 4159; x_wconf 87' lang='lat' dir='ltr'>Diod.</span> <span class='ocrx_word' id='word_1_240' title='bbox 449 4100 471 4158; x_wconf 83' lang='lat'>4</span> <span class='ocrx_word' id='word_1_241' title='bbox 490 4120 498 4158; x_wconf 74' lang='grc' dir='ltr'><strong><em>ε</em></strong></span> <span class='ocrx_word' id='word_1_242' title='bbox 519 4098 559 4159; x_wconf 81' lang='grc'>50</span> <span class='ocrx_word' id='word_1_243' title='bbox 581 4121 588 4159; x_wconf 93' lang='lat'><strong>:</strong></span> <span class='ocrx_word' id='word_1_244' title='bbox 610 4102 625 4160; x_wconf 95' lang='lat'>1</span> <span class='ocrx_word' id='word_1_245' title='bbox 648 4103 677 4159; x_wconf 88' lang='lat' dir='ltr'>et</span> <span class='ocrx_word' id='word_1_246' title='bbox 696 4099 724 4160; x_wconf 84' lang='lat'>2.</span> <span class='ocrx_word' id='word_1_247' title='bbox 744 4100 848 4159; x_wconf 84' lang='lat' dir='ltr'>Narrat</span> <span class='ocrx_word' id='word_1_248' title='bbox 866 4099 965 4158; x_wconf 89' lang='lat' dir='ltr'>Pelian</span> <span class='ocrx_word' id='word_1_249' title='bbox 985 4099 1114 4160; x_wconf 81' lang='lat' dir='ltr'>Iasonem</span> <span class='ocrx_word' id='word_1_250' title='bbox 1133 4102 1255 4176; x_wconf 79' lang='lat' dir='ltr'>coegisse</span> <span class='ocrx_word' id='word_1_251' title='bbox 1275 4101 1389 4175; x_wconf 72' lang='lat' dir='ltr'>ungui-</span> 
     </span>
     <span class='ocr_line' id='line_1_31' title="bbox 198 4206 1388 4285; baseline 0.002 -20"><span class='ocrx_word' id='word_1_252' title='bbox 198 4220 265 4265; x_wconf 81' lang='lat' dir='ltr'>nem</span> <span class='ocrx_word' id='word_1_253' title='bbox 283 4206 424 4265; x_wconf 67' lang='lat' dir='ltr'>aunuum</span> <span class='ocrx_word' id='word_1_254' title='bbox 443 4206 535 4265; x_wconf 88' lang='lat' dir='ltr'>bibere</span> <span class='ocrx_word' id='word_1_255' title='bbox 554 4210 584 4266; x_wconf 85' lang='lat' dir='ltr'>et</span> <span class='ocrx_word' id='word_1_256' title='bbox 602 4222 729 4279; x_wconf 85' lang='lat' dir='ltr'>uxorem,</span> <span class='ocrx_word' id='word_1_257' title='bbox 750 4223 834 4282; x_wconf 83' lang='lat' dir='ltr'>quam</span> <span class='ocrx_word' id='word_1_258' title='bbox 853 4206 1059 4281; x_wconf 87' lang='lat' dir='ltr'>Amphinomen</span> <span class='ocrx_word' id='word_1_259' title='bbox 1077 4208 1218 4285; x_wconf 87' lang='lat' dir='ltr'>nominat,</span> <span class='ocrx_word' id='word_1_260' title='bbox 1248 4224 1278 4267; x_wconf 83' lang='lat' dir='ltr'>se</span> <span class='ocrx_word' id='word_1_261' title='bbox 1298 4208 1388 4281; x_wconf 82' lang='lat' dir='ltr'>ipsam</span> 
     </span>
     <span class='ocr_line' id='line_1_32' title="bbox 198 4310 616 4385; baseline 0.002 -14"><span class='ocrx_word' id='word_1_262' title='bbox 198 4310 306 4371; x_wconf 87' lang='lat' dir='ltr'>heroice</span> <span class='ocrx_word' id='word_1_263' title='bbox 325 4310 417 4385; x_wconf 79' lang='lat' dir='ltr'>gladio</span> <span class='ocrx_word' id='word_1_264' title='bbox 437 4311 616 4372; x_wconf 88' lang='lat' dir='ltr'>interemisse.</span> 
     </span>
    </p>
   </div>
   <div class='ocr_carea' id='block_1_8' title="bbox 0 0 1654 5067">
    <p class='ocr_par' dir='ltr' id='par_1_11' title="bbox 0 0 1654 5067">
     <span class='ocr_line' id='line_1_33' title="bbox 0 0 1654 5067; baseline 0 1"><span class='ocrx_word' id='word_1_265' title='bbox 0 0 1654 5067; x_wconf 95' lang='lat' dir='ltr'> </span> 
     </span>
    </p>
   </div>
  </div>
 </body>
</html>
