3300 5067
883 463 926 531 16

313 680 380 745 qua
402 662 533 729 ratione
555 660 711 727 Valerius
733 676 817 727 usus
828 660 877 727 sit
887 676 930 726 ne
940 675 1075 741 semper
1085 662 1127 726 ab
1138 660 1329 742 Apollonio,
1342 662 1510 744 exemplo

315 802 395 867 suo,
437 784 580 866 pendere
619 783 800 852 rideretur.
834 784 982 850 Borihus
1015 784 1192 858 mactatis,
1227 788 1268 851 ut
1300 784 1510 867 Apollonius

317 911 366 976 1:
391 908 455 975 432
491 924 559 989 seq.
593 911 726 991 narrat,
756 908 905 974 laetatus
934 911 990 974 est
1011 906 1130 975 Idmon
1159 908 1334 974 flammam
1356 924 1510 974 cernens

315 1032 461 1114 undique
484 1049 503 1098 e
525 1032 686 1099 meritlcio
708 1032 941 1115 splendentem
963 1036 1000 1099 et
1017 1032 1138 1098 statim
1147 1031 1335 1113 intrepidus
1347 1036 1510 1098 mentem

316 1156 474 1239 exposuit
498 1156 678 1240 Apollinis:
702 1158 919 1239 Argonautas
940 1161 1019 1241 post
1041 1156 1167 1223 multos
1188 1172 1317 1223 errores
1339 1157 1509 1222 salvosin

315 1281 460 1363 patriam
491 1298 567 1348 esse
588 1296 799 1362 reversuros,
823 1282 887 1348 sibi
908 1285 1025 1348 tamen
1047 1280 1139 1347 tristi
1161 1279 1300 1346 deorum
1317 1278 1389 1346 feto
1411 1282 1509 1346 mori

305 1402 524 1471 destinatum
557 1420 634 1471 esse
666 1404 701 1469 in
731 1405 835 1471 Asiae
864 1406 1068 1472 continente.
1101 1403 1188 1471 Vide
1220 1408 1346 1486 quanto
1376 1404 1509 1469 melius

314 1528 513 1611 Apollonius
543 1545 616 1594 rem
638 1545 735 1595 suem
758 1526 879 1611 egerit!
902 1528 1030 1595 Vatem
1048 1529 1157 1605 enim,
1176 1528 1234 1609 qui
1257 1530 1402 1594 mortem
1424 1544 1507 1609 pro-

314 1654 434 1721 videns
470 1670 593 1735 magne
626 1652 755 1719 dicendi
788 1652 824 1719 vi
857 1653 965 1719 socios
999 1652 1192 1719 cohortetur
1224 1655 1264 1717 ut
1297 1654 1505 1734 susceptum

315 1777 492 1861 perficiant
514 1781 550 1844 et
572 1777 718 1843 declaret
741 1794 778 1842 se
800 1776 872 1843 lato
883 1776 948 1843 sibi
958 1776 1159 1843 imminente
1171 1774 1310 1841 minime
1321 1776 1505 1841 turbatum

316 1901 376 1967 sed
406 1901 534 1968 virtute
564 1904 600 1967 et
621 1900 729 1968 officio
750 1902 958 1968 commotum
980 1899 1080 1966 malle
1100 1914 1180 1965 cum
1201 1899 1300 1965 sociis
1323 1898 1432 1980 exire,
1457 1902 1505 1963 ut

316 2024 455 2106 gloriam
485 2030 521 2092 et
550 2026 661 2091 satum
684 2026 839 2108 oppetat,
862 2024 959 2091 facile
981 2024 1089 2091 socios
1109 2022 1294 2089 incredibili
1315 2022 1427 2089 studio
1447 2023 1502 2088 in·

315 2147 489 2215 flammare
523 2164 623 2215 nemo
656 2150 711 2214 est
745 2148 825 2228 quin
849 2146 970 2213 statim
993 2146 1169 2229 intelligat.
1195 2146 1287 2212 'l'alia
1309 2145 1500 2211 vociferans

313 2288 423 2353 augur
445 2289 481 2338 re
511 2288 592 2339 vera
614 2270 684 2337 Deo
706 2270 825 2353 plenus
847 2274 884 2337 et
907 2266 1008 2342 ἔνθεος
1031 2275 1087 2338 est
1109 2270 1500 2352 maximamquevimad

315 2395 584 2475 persuadendum
605 2395 716 2462 hahet.
739 2396 826 2475 App.
850 2395 956 2461 Rhod.
982 2396 1022 2461 1.
1041 2394 1229 2461 432-447.

360 2518 511 2601 Denique
534 2518 683 2585 sinistris
701 2519 809 2601 Mopsi
826 2517 998 2584 vaticiniis
1012 2518 1152 2584 minime
1162 2519 1370 2599 commotuS,
1382 2517 1499 2583 flentis

313 2643 464 2710 Idmonis
498 2643 731 2711 adhortatione
768 2642 884 2709 audita
920 2642 1006 2724 dux,
1037 2642 1202 2725 sibiipsa
1231 2659 1339 2725 augur
1371 2643 1499 2710 maiore

313 2768 534 2845 auctoritate,
565 2767 652 2849 quod
681 2766 848 2834 intellexit
869 2766 984 2833 Iovem
1006 2767 1119 2849 ipsum
1142 2768 1224 2833 haec
1244 2766 1331 2833 velle
1353 2769 1390 2832 et
1410 2783 1498 2832 eom·

315 2892 440 2957 mercia
473 2908 535 2958 suo
569 2891 694 2958 mundo
730 2892 785 2973 „et
817 2893 934 2956 tentos
967 2890 1143 2957 hominum
1175 2890 1318 2957 miscere
1351 2888 1497 2969 lahoris”

315 3014 411 3099 (245,
435 3015 528 3094 246),
557 3014 623 3082 iter
651 3014 761 3081 facere
790 3014 925 3080 statuit.
959 3013 1136 3081 Postrema
1157 3031 1225 3081 nox
1247 3014 1362 3097 paucis
1384 3016 1497 3081 verbis

315 3141 453 3205 tantum
482 3141 764 3206 commemoratur
792 3140 828 3204 et
858 3154 926 3204 non
951 3154 1132 3221 possumus
1159 3139 1240 3220 quin
1274 3138 1310 3203 in
1340 3138 1498 3205 Herculis

314 3262 483 3345 tirynthii
515 3263 625 3329 herois
657 3266 796 3346 aspectu
830 3262 1040 3328 haereamus.
1074 3262 1273 3332 Adveniunt
1305 3259 1425 3329 Chiron
1459 3268 1498 3330 et

315 3405 398 3472 puer
427 3386 593 3465 Achilles
621 3388 679 3469 qui
709 3403 776 3454 non
806 3392 925 3455 vinum
954 3404 1017 3454 nec
1046 3387 1142 3469 signa
1164 3391 1276 3469 curat,
1300 3391 1438 3453 tantum
1459 3388 1496 3453 in

315 3513 455 3579 ducibus
475 3514 511 3577 et
529 3514 609 3576 ante
627 3527 745 3576 omnes
764 3510 798 3577 in
817 3511 963 3578 Hercule
979 3516 1106 3595 stupet.
1129 3511 1220 3592 Quae
1243 3512 1277 3577 in
1297 3511 1497 3578 memoriam

316 3639 475 3702 revocent
500 3634 664 3701 Achillem
690 3634 793 3717 Scyro
812 3634 849 3698 in
871 3635 981 3702 insula
1003 3637 1046 3701 ab
1067 3635 1169 3701 Ulixe
1191 3634 1302 3701 studio
1325 3652 1496 3702 armorum

316 3756 488 3823 detectum
511 3774 596 3824 esse.
627 3758 700 3824 Hoe
721 3761 837 3825 autem
858 3758 928 3824 loeo
949 3758 1072 3826 ¹Chiron
1096 3765 1133 3826 et
1154 3760 1303 3826 Achilles
1325 3761 1366 3826 ab
1390 3760 1497 3842 Argo·

316 3880 432 3945 nautis
454 3882 538 3963 ipsis
560 3883 712 3949 animum
741 3887 919 3950 avertunt:
943 3869 1151 3967 supervacua
1173 3885 1256 3951 haec
1280 3886 1391 3952 omnia
1413 3891 1497 3952 sunt
1567 3899 1572 3905 ·

317 4020 380 4069 nec
420 4004 602 4086 quidquam
643 4006 686 4072 ad
726 4024 797 4073 rem
839 4009 1019 4089 pertinent.
1059 4007 1216 4075 Precibus
1249 4007 1339 4074 Pelei
1372 4010 1411 4074 ut
1441 4008 1496 4075 dei

315 4128 423 4195 filium
454 4147 492 4195 se
524 4131 664 4196 ahsente
693 4133 864 4209 tueantur,
893 4132 1047 4197 omnihus
1077 4132 1152 4197 viae
1175 4132 1263 4198 calor
1284 4130 1419 4197 additus
1441 4137 1497 4198 est

316 4248 427 4337 (271),
449 4252 535 4333 quod
555 4269 636 4319 sane
654 4254 926 4336 inexspectatum
945 4259 1000 4320 est
1017 4259 1053 4321 et
1069 4259 1198 4321 temere
1214 4255 1374 4320 dictuma
1384 4257 1495 4336 poeta.
