3300 5067
786 491 828 556 91

327 691 380 758 Φῆ·
404 681 510 782 δ’δ’ἂῤ,
530 681 744 765 ἀστραγάλους
767 685 982 762 συναμήσατο,
1005 685 1065 750 aad
1088 686 1122 750 δὲ
1145 685 1258 767 Φαεννῷ

327 807 438 888 μητρὸς
460 808 509 882 ἑῆς
532 801 565 871 εὖ
588 807 710 881 πάντας
731 807 909 890 ἀριθμήσας
933 808 1017 887 βάλε
1039 809 1159 891 κόλπῳ,

328 930 440 996 αὐτίκα
463 932 603 1007 δ’ἰσδόκην
625 932 739 1014 χρυσέῃ
762 931 968 1013 περικάτθετο
990 933 1082 1016 μίτρῃ

328 1056 450 1137 πρέμνῳ
471 1055 658 1134 κεκλιμένην·
682 1059 742 1122 ανα
761 1057 923 1135 δἀγκύλσν
947 1057 1045 1123 εἵλετο
1068 1057 1160 1134 τόξον.

259 1180 386 1248 Deinde
416 1182 459 1248 ad
488 1187 615 1262 terram
648 1183 830 1249 deseendit.
865 1183 1070 1266 Despectam
1094 1186 1128 1250 in
1151 1193 1279 1251 terram
1301 1183 1401 1266 frugi·

212 1305 322 1386 feram
342 1311 380 1373 et
400 1308 502 1373 urbes
524 1307 716 1388 hominum,
739 1307 918 1380 duriorum
931 1325 1044 1376 saeros
1056 1313 1207 1386 meatus,
1227 1309 1402 1374 eacumina

214 1430 402 1514 montium,
425 1433 567 1513 pontum
588 1432 658 1497 late
680 1433 856 1511 patentem
878 1432 1081 1514 gratissimis
1103 1432 1213 1498 verbis
1225 1431 1402 1512 descripsit

215 1556 315 1636 poeta
348 1555 552 1640 (loo-166)
582 1553 626 1640 1).
667 1553 761 1636 Quod
793 1554 837 1620 ad
871 1556 960 1622 huno
995 1557 1133 1622 dearum
1167 1555 1401 1622 interventum

215 1679 381 1762 pertinet,
410 1678 680 1745 animadvertere
701 1678 804 1745 velim
829 1679 1044 1760 Apollonium
1066 1681 1131 1746 nisi
1154 1695 1286 1761 perraro
1309 1679 1401 1745 ooeli·

216 1803 363 1869 colarum
397 1804 604 1870 mentionem
627 1801 745 1869 faeere.
780 1803 819 1869 In
841 1803 924 1870 libro
948 1805 1055 1886 primo
1078 1803 1268 1886 Apollinem
1291 1801 1324 1884 2)
1347 1801 1401 1867 hio

215 1930 320 2008 atque
340 1927 407 1993 illio
429 1929 562 1995 induxit
575 1929 657 2010 302,
682 1929 765 2013 352,
788 1931 871 2012 359,
895 1931 979 2012 411,
1002 1929 1306 2012 comparationibus
1318 1927 1400 2010 306,

217 2053 300 2134 530,
336 2051 480 2118 Dianam
502 2055 584 2128 571,
614 2053 696 2118 dum
718 2054 847 2120 Herem
870 2058 907 2121 et
928 2055 1103 2120 Athonem
1126 2053 1233 2119 rarius
1258 2068 1402 2118 comme·

217 2179 336 2244 morat.
369 2177 553 2245 Ptolemaei
582 2183 716 2259 autem,
752 2181 793 2243 ut
814 2177 991 2246 Graeciam
1014 2177 1056 2244 ad
1080 2193 1160 2243 suas
1182 2181 1298 2259 partes
1320 2176 1402 2244 redi·

170 2326 175 2336 ·
218 2306 352 2385 gerent,
379 2297 508 2380 θεωρίας
529 2301 566 2368 in
589 2301 738 2367 insulam
760 2300 899 2383 Delum,
923 2302 1069 2384 Apollini
1093 2317 1243 2386 samam,
1265 2302 1402 2368 mittere

217 2425 385 2507 solebant,
419 2441 485 2506 quo
514 2425 587 2490 lieri
609 2426 721 2507 potuit
743 2429 783 2492 ut
805 2425 1002 2506 Apollonius
1026 2443 1105 2492 eum
1128 2443 1229 2508 saepe
1252 2426 1402 2492 nomina·

216 2550 314 2616 verit.
331 2549 512 2616 Praeterea
521 2550 557 2615 in
568 2549 842 2632 Argonautarum
853 2549 965 2616 fabula
975 2565 1116 2632 magnas
1127 2554 1242 2632 partes
1253 2549 1325 2632 agit
1335 2547 1400 2615 Sol.

218 2673 262 2742 nt
278 2674 388 2756 Hera,
408 2673 581 2756 Pelasgida
597 2674 676 2750 dea,
695 2674 886 2756 antiquitus
900 2675 966 2740 fuit
977 2677 1118 2757 patrona
1128 2676 1402 2756 Argonautarum

218 2799 260 2866 oi.
293 2799 404 2882 Odyss
437 2801 489 2866 4:
514 2802 574 2881 71,
609 2799 696 2881 quod
727 2815 770 2865 ex
800 2799 864 2866 hao
887 2801 983 2882 parte
1008 2797 1221 2880 Apolloniani
1244 2797 1401 2863 carminis

217 2939 350 3005 quoque
373 2927 523 3005 apparet.
546 2922 712 3004 Apollonii
735 2923 939 3004 simplex-et
958 2923 1150 2990 modestum
1162 2925 1399 3004 argumentum

217 3047 332 3114 minus
354 3049 474 3129 aptum
497 3048 571 3113 erat
593 3045 637 3112 ad
658 3046 738 3112 deos
761 3062 921 3128 persaepe
943 3047 1156 3113 inducendos.
1181 3045 1289 3127 Quare
1312 3049 1402 3113 reote

217 3171 386 3248 lanitiis,
421 3170 478 3236 ubi
507 3187 573 3236 non
608 3169 858 3246 desiderantur,
893 3171 1030 3240 omissis
1064 3175 1101 3237 et
1121 3170 1307 3238 laudandus
1330 3173 1413 3252 est,-

218 3293 305 3376 quod
336 3293 509 3363 contiones
538 3295 677 3360 deorum
706 3295 936 3362 tumultuosas
966 3294 1056 3362 nudo
1083 3298 1120 3361 et
1142 3294 1286 3375 simplici
1308 3310 1402 3376 argu-

218 3421 333 3486 mento
356 3435 423 3484 non
446 3419 599 3485 inseruit.

262 3542 317 3608 Ab
344 3541 492 3609 Homero
514 3545 693 3609 mutuatus
715 3545 770 3608 est
792 3560 879 3624 quae
903 3543 1150 3626 Argonautioae
1173 3541 1305 3608 fabulae
1327 3557 1403 3608 oon·

217 3664 337 3731 oinunt
358 3681 467 3746 neque
490 3666 674 3747 quidquam
695 3667 835 3733 humani
858 3666 923 3732 diis
942 3671 978 3734 et
989 3667 1115 3733 deabus
1126 3666 1236 3744 deest,
1259 3667 1403 3733 ettanto

219 3791 329 3874 lepore
341 3790 530 3857 otveritate
541 3789 719 3870 descriptio
727 3790 870 3872 excellit,
883 3793 923 3856 ut
934 3789 979 3856 dii
988 3791 1022 3856 in
1031 3790 1177 3855 carmine
1185 3789 1403 3871 Apolloniauo

258 4083 288 4155 1)
309 4085 352 4142 na
370 4083 500 4158 repon
519 4084 633 4158 poema
653 4081 789 4156 escape
809 4082 847 4141 af.
868 4081 885 4139 1
908 4101 915 4139 ι
938 4036 1145 4140 rma-nro.

257 4186 290 4266 2)
310 4189 425 4248 Stender
442 4205 508 4264 pag.
528 4189 567 4247 33
587 4189 757 4248 domonstrat
775 4188 897 4246 Dianam
916 4187 948 4244 iu
967 4187 1110 4246 Thessalia
1131 4203 1187 4246 non
1207 4188 1310 4246 cultam
1330 4201 1404 4256 esse,

215 4312 271 4370 quo
292 4295 360 4353 mihi
379 4295 529 4355 verisimile
549 4295 658 4354 videtur
679 4296 804 4353 nostrum
824 4311 874 4353 suo
895 4293 1008 4352 arbitrio
1028 4293 1170 4354 induxisse
1189 4294 1355 4368 Apollinem.
