3300 5067
748 477 812 542 127

188 673 233 740 ad
265 672 446 740 mulierum
478 672 720 740 commotiones
753 672 858 738 animi
892 671 1101 756 pertineant,
1126 670 1290 738 omisisse.
1325 671 1378 740 De

189 796 326 882 Iasone,
369 813 470 877 quem
499 796 672 864 fortiorem
702 798 739 870 et
770 769 1002 862 humaniorem
1033 795 1068 862 in
1099 795 1301 863 salutatione
1332 797 1375 863 ad

188 927 385 1008 parentem,
407 923 444 990 in
466 939 560 990 mora
581 922 671 1006 apud
693 923 925 1006 Hypsipylen,
948 926 1025 1006 post
1037 920 1191 1004 Cyaneas
1199 937 1317 1004 rupes,
1339 919 1375 986 in

189 1038 540 1130 dolende'descnpsit
558 1047 772 1130 Apolloniae,
792 1047 834 1112 de
853 1050 964 1118 matre
981 1045 1055 1112 eius
1067 1060 1134 1111 non
1146 1043 1216 1112 iem
1226 1045 1381 1128 pluribus

190 1171 304 1238 verbis
333 1187 501 1254 exponere
530 1171 643 1238 velim.
673 1169 884 1252 Quamquam
913 1187 981 1238 non
1005 1168 1185 1240 ferendum·
1205 1172 1259 1234 est
1281 1168 1376 1236 Vale·

188 1295 297 1380 rium,
319 1295 506 1378 pessimum
527 1298 731 1364 sectatorem
752 1295 908 1380 Vergilii,
932 1296 986 1362 cui
1004 1295 1039 1362 in
1059 1295 1142 1361 libro
1160 1297 1282 1375 quarto
1302 1296 1377 1360 tam

190 1417 357 1486 celebrato
389 1419 585 1500 Apollonius
618 1419 810 1502 exemplum
843 1419 963 1497 hierit,
994 1419 1169 1502 Apollonio
1200 1421 1241 1487 oh
1270 1419 1376 1488 animi

191 1543 433 1609 commotiones
454 1545 540 1611 bene
559 1543 745 1627 descriptos
761 1520 992 1626 antepositum
1013 1561 1100 1612 esse.
1122 1544 1207 1611 Cum
1225 1543 1376 1610 nondum

191 1665 234 1732 de
263 1667 346 1733 libro
374 1668 519 1750 septimo
548 1665 675 1734 Valerii
701 1668 843 1750 egerim,
868 1668 1027 1735 nonnulla
1049 1669 1228 1752 proteram,
1254 1669 1381 1749 quihus

190 1790 333 1873 intelligi
354 1789 478 1873 possit,
501 1791 667 1872 quomodo
687 1791 826 1860 Flaccus
845 1792 980 1858 Medeae
1000 1809 1151 1860 amorem
1170 1791 1374 1875 exposuerit.

190 1912 265 1979 Iam
286 1914 507 1981 animadverti
530 1914 566 1979 in
586 1914 669 1981 libro
691 1915 811 1996 quinto
834 1917 869 1980 et
891 1919 989 1982 sexto
1009 1915 1183 1988 Valerium
1201 1916 1254 1982 hic
1272 1920 1377 1997 atque

191 2037 259 2104 illic
279 2037 321 2104 de
342 2039 479 2106 Medeae
498 2040 984 2122 amoreahrnptementlonem
996 2039 1182 2118 facereita,
1206 2041 1293 2108 utet
1304 2040 1378 2106 dira

190 2160 307 2228 futura
335 2163 505 2245 praedicet
534 2165 570 2228 et
592 2163 687 2244 virgo
709 2180 774 2229 non
798 2181 861 2230 sue
884 2169 1004 2246 sponte
1029 2165 1089 2231 sed
1112 2183 1216 2248 prava
1238 2165 1382 2232 Iunonis

191 2284 423 2353 adhortatione
453 2291 604 2368 permota
633 2303 747 2352 amore
777 2288 812 2353 in
842 2286 997 2354 Iasonem
1020 2290 1192 2356 exarserit.
1216 2290 1255 2358 In
1277 2288 1378 2364 vn:

194 2407 1117 2496 100—111eo114-146oonooxemplolinapahod.
1131 2414 1172 2478 3:
1186 2413 1377 2494 439—463,

190 2532 371 2599 toa-470
392 2536 428 2599 et
449 2532 617 2600 nonnullis
639 2533 714 2599 aliis
735 2533 901 2616 versibus)
923 2537 1008 2602 bene
1029 2552 1121 2610 usus
1137 2538 1191 2602 est
1210 2536 1380 2604 Valerius.

190 2656 353 2739 Magnum
374 2657 554 2725 discrimen
577 2662 631 2724 est
653 2658 743 2725 inter
764 2655 932 2740 Apollonii
957 2661 1069 2726 3:471
1084 2665 1120 2726 et
1130 2659 1257 2727 Valerii
1268 2660 1381 2730 Flacci.

193 2781 276 2848 139:
304 2799 443 2865 ,meque
464 2783 532 2850 iste
554 2783 682 2864 precari
703 2781 864 2860 nesoht’i
887 2783 1222 2864 quiversuslaudem
1234 2801 1375 2852 commo

190 2905 297 2971 tionis
319 2907 401 2988 hene
420 2907 606 2989 descriptae
623 2905 693 2972 iam
712 2906 810 2986 plane
826 2907 977 2990 tolleret,
995 2907 1063 2974 nisi
1083 2908 1148 2974 alie
1164 2910 1200 2974 et
1223 2909 1381 2990 graviora

191 3031 338 3113 proferre
368 3048 512 3115 possem.
541 3030 652 3113 Quum
680 3030 834 3098 Valerius
864 3032 936 3114 ipse
969 3032 1184 3115 descripserit
1210 3032 1375 3113 virginem

192 3156 304 3245 magis
342 3157 517 3238 magisque
554 3156 726 3222 turbatam
759 3172 803 3220 ne
836 3156 869 3220 in
905 3156 1044 3224 somniis
1078 3156 1213 3238 quidem
1246 3155 1381 3224 Iasonis
1480 3247 1481 3250 Ἴ

193 3278 361 3360 oblivisci,
403 3284 521 3362 postea
565 3279 664 3362 dicit,
699 3279 786 3360 quod
825 3280 948 3364 ,ardor
981 3281 1097 3357 hehet,
1125 3281 1294 3363 leviorque
1317 3298 1376 3362 pu·

194 3404 264 3470 dori
287 3420 450 3485 mensque
471 3404 594 3471 obnixa
616 3403 742 3488 malo”,
764 3404 927 3473 Iunonem
949 3405 1117 3473 Venerem
1138 3404 1175 3471 in
1195 3404 1375 3488 Olympum

193 3527 329 3594 adiisse.
350 3528 420 3594 Res
442 3533 516 3594 tam
537 3529 650 3611 gravis
662 3533 717 3596 est
727 3531 767 3595 ut
779 3529 949 3612 cingulum
960 3529 1104 3596 Veneris
1114 3545 1182 3596 non
1193 3528 1263 3598 iam
1274 3529 1380 3596 satis·

192 3653 296 3718 faciat
330 3652 390 3718 sed
421 3652 504 3718 deae
536 3653 644 3733 ipsius
673 3653 798 3720 auxilio
831 3669 916 3736 opus
950 3655 1013 3737 sit,
1048 3669 1134 3734 quae
1162 3652 1375 3735 ,annonaria

193 3782 328 3860 pectora
350 3775 553 3858 dubiumque
575 3775 763 3858 pudorem’'
787 3780 1009 3843 commoveat.
1033 3775 1116 3844 Iuno
1140 3777 1234 3842 iubet
1252 3775 1376 3844 iridem

194 3900 230 3964 in
260 3899 425 3982 templum
452 3898 578 3965 Dianae
601 3898 755 3966 Iasonem
778 3899 916 3983 ducere,
948 3902 984 3966 et
1006 3898 1172 3982 Cytherea
1195 3901 1282 3981 petit
1305 3898 1373 3968 (lol-

195 4021 327 4088 ohidem
359 4022 542 4104 virginem,
578 4022 659 4090 dum
692 4022 775 4089 Iuno
809 4023 883 4106 ipsa
917 4023 1055 4090 Caucasi
1087 4024 1225 4106 rupibus
1258 4024 1378 4090 insidit·

196 4149 358 4213 eventum
384 4147 538 4213 nesciens
567 4148 603 4211 et
624 4147 735 4213 anxia.
770 4147 821 4214 Ut
855 4149 956 4214 houm
990 4147 1146 4213 ductores
1174 4147 1316 4220 clamore
1338 4150 1373 4212 et

195 4269 334 4353 flagellis
367 4270 589 4337 stridentibus
622 4271 727 4337 boves
757 4271 946 4338 obstinatos
978 4272 1067 4338 viem
1091 4272 1139 4338 ire
1162 4275 1302 4354 cogunt,
1325 4270 1379 4336 sic-
