3300 5067
752 503 796 569 65

180 700 245 765 hoc
266 663 352 766 ¹vitio
374 698 538 765 laboravit
560 695 614 782 (cl.
630 697 753 780 fragm.
777 699 863 780 107).
882 699 933 764 At
954 697 1167 780 Apollonius,
1186 662 1365 781 quimores

179 827 338 889 veterum
350 826 543 904 temporum
552 822 644 889 omni
654 821 738 888 luxu
748 827 903 889 ementes
915 825 1141 889 tamvenusta
1153 825 1373 906 etapcasim

179 946 332 1029 plicitatc
344 945 512 1029 depinxit,
531 945 688 1012 Herculis
700 947 736 1012 et
747 946 857 1030 Hylae
868 963 1018 1013 amorem
1030 947 1149 1014 eadem
1160 949 1253 1030 epica
1264 949 1366 1014 casti-

178 1072 255 1136 tate
278 1070 457 1154 tractavit,
481 1087 549 1152 qua
567 1069 707 1137 Achillis
726 1072 762 1136 et
781 1070 924 1137 Patrocli
936 1071 1142 1138 consuetudo
1154 1070 1364 1152 turpitudine

60 1169 68 1177 ⁴
180 1193 271 1275 apud
282 1192 426 1260 Graecos
443 1199 562 1276 postea
579 1194 708 1260 usitata
723 1198 834 1260 vacat.
858 1195 988 1261 Auctor
999 1199 1053 1262 est
1064 1195 1264 1278 Apollonius
1274 1195 1364 1261 nullo

165 1317 335 1401 lunonis,
369 1318 451 1384 deae
484 1317 653 1393 infensae,
685 1317 882 1384 interventu
910 1317 1094 1385 Herculem
1123 1335 1239 1384 carum
1261 1335 1364 1384 suum

179 1441 318 1524 Hylam,
342 1459 363 1507 a
385 1442 537 1524 nympha
559 1456 671 1507 amore
690 1440 829 1507 incensa
840 1446 987 1526 raptum,
999 1442 1153 1508 amisisse
1167 1440 1210 1526 1).
1222 1441 1363 1508 Graiam

179 1564 383 1646 imaginem,
414 1581 517 1647 quam
546 1566 679 1631 mutare
712 1567 774 1630 aut
806 1565 964 1631 omittere
986 1581 1029 1630 ne
1052 1564 1207 1632 Valerius
1228 1565 1363 1646 quidem

177 1705 287 1754 ausus
316 1693 387 1771 est,
421 1671 585 1772 praebent
618 1688 847 1756 1226-1239,
882 1688 1047 1756 Hercules
1069 1688 1273 1755 calamitatis
1295 1705 1363 1754 cer·

180 1813 247 1877 tior
270 1812 381 1880 lactus
404 1815 475 1895 est,
498 1815 540 1879 ut
560 1817 676 1878 narrat
693 1811 955 1888 Alexandrinus,
967 1813 1010 1878 ab
1021 1813 1128 1878 amico
1139 1812 1360 1895 Polypheme,
1434 1840 1436 1842 ·

178 1937 240 2018 qui
274 1936 402 2021 Hylam
435 1936 600 2004 auxilium
633 1938 760 2004 frustra
793 1937 1032 2019 implorantem
1065 1936 1205 2004 audivit.
1236 1935 1362 2002 Deinde

180 2061 295 2128 animo
338 2061 463 2127 afflicto
505 2061 541 2126 in
586 2060 681 2126 silvis
718 2077 847 2142 vagans
883 2059 989 2127 veluti
1017 2061 1154 2139 tauma,
1189 2060 1247 2140 qui
1280 2060 1363 2126 asilo

180 2185 271 2252 icore
310 2184 418 2250 fertur
449 2201 512 2250 nec
544 2201 686 2266 gregem.
712 2188 826 2262 curat,
861 2185 970 2251 dolore
1004 2189 1040 2250 et
1072 2185 1122 2250 ira
1155 2185 1373 2276 concitatus,

179 2310 353 2391 latamque
386 2309 551 2376 cervicem
581 2308 703 2375 tollens
726 2310 896 2390 mugitum
918 2308 988 2375 edit
1011 2307 1270 2391 (1265-1272),
1294 2325 1362 2374 una
1463 2292 1466 2298 ’

180 2449 259 2498 cunr
294 2432 402 2499 amico
435 2432 638 2516 Polyphemo
660 2433 796 2498 relictus
819 2437 874 2498 est
897 2432 1019 2499 misero
1046 2431 1211 2498 sociorum
1234 2448 1360 2514 errore,

176 2557 239 2638 qui
260 2557 351 2632 laeti,
375 2556 461 2638 quod
479 2560 606 2623 ventus
624 2556 791 2622 secundus
809 2560 908 2622 nocte
930 2560 1025 2622 ortus
1044 2559 1128 2633 erat,
1146 2553 1198 2637 (cf.
1220 2555 1307 2622 1159
1325 2559 1362 2622 et

181 2680 279 2759 1275,
294 2678 392 2764 1276)
403 2697 503 2747 mane
514 2680 549 2746 in
561 2682 670 2748 noctis
681 2682 897 2756 obscuritate,
908 2696 993 2762 quae
1004 2677 1228 2761 negligentiae
1238 2683 1362 2745 nautas

176 2805 334 2880 absolvit,
358 2821 515 2871 ancoram
538 2804 709 2871 solverant
731 2805 775 2888 2).
799 2803 956 2870 Conferre
979 2803 1070 2870 enim
1095 2803 1182 2869 1159
1204 2807 1239 2868 et
1263 2801 1359 2886 1275,

179 2930 270 2995 1276
292 2945 412 3010 operae
434 2929 582 3010 pretium
604 2931 669 3006 est,
694 2933 734 2995 ut
745 2931 860 2993 mente
872 2926 1134 3009 complectamur
1145 2925 1358 3009 Apollonium

178 3053 371 3135 argumenti
382 3052 488 3134 ipsius
498 3052 664 3118 rationem
675 3050 754 3137 (iter
765 3049 988 3134 maritimum)
999 3064 1185 3131 numquam
1195 3050 1362 3132 negligere

219 3263 252 3344 1)
282 3265 466 3340 Apollodorus
485 3265 627 3340 Apollonii
647 3265 844 3340 Argonauticis
864 3282 972 3342 quoque
997 3264 1011 3324 l
1033 3287 1040 3324 z
1062 3265 1107 3325 9:
1132 3265 1169 3326 19
1190 3264 1224 3324 de
1243 3263 1362 3324 Hercule

176 3376 206 3432 et
224 3373 409 3447 Polyphemo,
429 3388 498 3430 usus
516 3374 566 3432 est.
1398 3383 1400 3392 ·

218 3477 252 3554 2)
284 3479 421 3553 Inspicias
451 3478 610 3553 Apollodori
640 3478 842 3538 Bibliothecam
873 3479 888 3536 1
912 3477 1048 3539 :9:19
1070 3499 1078 3538 ε
1099 3479 1127 3549 5,
1158 3477 1258 3552 quihus
1277 3476 1362 3535 variis

175 3585 266 3646 modia
284 3588 382 3660 poetae
400 3587 429 3644 et
448 3585 594 3659 scriptores
614 3585 659 3643 usi
678 3585 743 3659 sint,
764 3603 800 3645 ne
819 3585 955 3646 Hercules
974 3586 1079 3660 primas
1098 3587 1191 3659 partes
1210 3585 1321 3657 ageret:

207 3686 341 3754 Ἡρόδωρος
366 3686 394 3738 ll
419 3687 496 3740 ar’rrlo
522 3686 584 3739 οόδὶ
609 3689 656 3748 τὴν
675 3688 755 3756 ἀρχόν
777 3696 839 3753 φησι
856 3693 967 3740 πλεῦσαι
985 3691 1061 3748 τότε,
1082 3687 1154 3738 ἄλλα
1169 3687 1228 3752 παρ’
1244 3685 1365 3752 Ὀμφόλγ

170 3780 308 3833 δουλοόοιν.
324 3778 460 3855 Φερεκύδης
476 3779 504 3832 δὲ
521 3780 599 3832 αὐτὸν
615 3779 641 3831 ἐν
661 3781 787 3846 Ἀφότανς
803 3785 850 3842 τῆς
867 3782 1014 3841 Θεσσαλίας
1029 3781 1217 3844 ἀπολειφθῆναι
1225 3779 1366 3844 λόγον,οἰ’ρς

171 3880 284 3944 Ἀργοῦς
308 3878 502 3945 φθεγξαμόννς,
519 3880 554 3942 μὴ
571 3878 695 3930 δύνασθαι
715 3879 797 3945 Φόροιν
814 3881 846 3930 τὸ
866 3879 961 3930 τούτου
978 3879 1053 3944 βόρος
1074 3873 1125 3954 (ef,
1145 3895 1252 3952 quoque
1271 3878 1361 3938 Sohol,

176 3982 195 4041 1
218 4003 226 4041 :
248 3978 351 4059 1289).
870 4036 872 4040 .

216 4088 289 4146 Sunt
326 4090 437 4158 autem,
475 4088 524 4163 qui
553 4092 746 4163 argumentum
776 4090 886 4150 fabulae
915 4092 1026 4149 nostrae
1051 4089 1230 4163 neglexerint.
1266 4089 1362 4162 Pergit

175 4193 252 4253 enim
271 4193 469 4268 Apollodoms:
498 4196 648 4262 Δημάρατος
677 4196 705 4248 δὲ
731 4197 809 4249 αὐτὸν
836 4198 871 4258 οἷς
898 4199 1016 4262 Κόλχους
1042 4201 1207 4250 πεπλευκότα
1230 4197 1363 4263 παρέδωκε.

173 4293 304 4354 Διονύσιος
323 4297 369 4359 μὶν
386 4298 438 4362 γαρ
456 4296 535 4348 αὐτὸν
552 4295 597 4346 καὶ
613 4294 728 4360 ἡγεμόνα
745 4296 811 4360 φησὶ
829 4301 880 4346 τῶν
898 4296 1074 4361 Ἀργοναυτῶν
1091 4297 1223 4361 γενέσθαι.

1271 4385 1290 4448 5
