3300 5067
881 481 926 548 84

314 671 496 760 rorante).
530 673 691 741 Hercules
720 676 813 743 solus
841 676 965 745 fortem
994 676 1109 743 virum
1138 695 1178 744 se
1205 680 1498 761 praepotuisse

315 795 566 883 (magnanimus
574 802 707 880 spectat
714 800 1497 886 pharetrasetinntilerobnrAmphitryonides).

314 920 489 989 Nonnullis
502 928 621 989 autem
639 941 682 990 ex
698 924 849 992 Aeneide
858 925 1008 1007 sumptis
1017 924 1173 992 Iasonem
1184 926 1306 992 melius
1315 927 1412 993 ducis
1422 944 1497 993 mu·

314 1062 395 1111 uere
415 1046 613 1129 iirugentern
636 1049 792 1115 inducere
813 1050 981 1131 potuisset
1003 1047 1169 1124 Valerius,
1181 1049 1497 1117 oiAen.1:97ubi

314 1169 751 1239 exclamatAeneuszliene
761 1172 873 1239 Iliacis
882 1172 1013 1255 eampis
1021 1174 1221 1239 ooeumbere
1229 1190 1297 1239 non
1308 1175 1496 1256 potuisse.’'

314 1293 410 1360 Iason
444 1298 561 1361 tamen
583 1312 646 1361 nee
670 1296 778 1361 socios
798 1295 999 1362 adhortatus
1020 1312 1129 1377 neque
1149 1297 1225 1379 ipse
1246 1298 1433 1378 quidquam
1454 1300 1495 1365 ad

314 1418 420 1483 socios
441 1418 625 1484 servandos
648 1418 786 1485 molitus
806 1420 965 1499 ingentes
985 1420 1117 1485 animos
1139 1421 1301 1503 eonoepit,
1313 1426 1496 1504 postquam

313 1547 429 1608 metus
438 1546 476 1607 et
485 1542 633 1625 pericula
640 1542 888 1609 destiteruuitet
897 1543 1008 1609 hiems
1018 1542 1168 1625 Neptuni
1177 1545 1374 1611 interventu
1383 1545 1495 1612 furere

313 1666 453 1746 quievit
461 1666 602 1732 Saemm
610 1666 775 1732 amictum
784 1669 815 1743 1)
826 1666 966 1733 indutus
976 1668 1203 1735 otaesoniam
1212 1674 1364 1751 pateram
1371 1670 1494 1737 tollens

313 1790 438 1853 iterum
472 1807 494 1855 a
526 1789 599 1856 Diis
627 1792 846 1873 tranquillum
867 1809 961 1858 mare
982 1798 1020 1858 et
1040 1792 1176 1857 salvum
1197 1792 1346 1859 reditum
1367 1794 1494 1876 precari

312 1927 417 1975 ausus
449 1914 513 1976 est
545 1912 638 1993 Quod
671 1915 714 1979 ad
749 1914 900 1997 Neptuni
921 1916 1158 1982 interventum
1179 1916 1344 1999 pertinet,
1366 1918 1493 1983 iterum

313 2037 595 2117 eomparationem
627 2039 717 2104 inter
749 2039 890 2121 Verm‘lii
921 2045 960 2106 et
980 2040 1107 2107 Valerii
1127 2040 1376 2122 expositionem
1397 2042 1494 2108 insti·

313 2163 471 2244 tuemus,
504 2177 570 2243 quo
604 2164 778 2244 apparebit
810 2165 897 2230 hane
929 2180 1062 2245 quoque
1090 2165 1398 2246 Argonautioorum
1420 2183 1493 2248 par·

313 2290 386 2350 tem
417 2286 551 2368 magnis
584 2286 679 2352 vitiis
711 2288 869 2354 laborare.
902 2287 947 2353 In
978 2288 1130 2355 Aeneide
1159 2287 1266 2370 Juno,
1301 2291 1343 2353 ut
1371 2295 1493 2356 ventos

313 2410 461 2489 emittat,
483 2411 580 2478 facile
601 2413 784 2495 persuadet
801 2413 916 2496 Aeolo,
939 2414 1028 2494 quod
1049 2430 1192 2494 regnum
1212 2413 1246 2477 ei
1257 2414 1492 2480 conciliaverat

316 2534 482 2619 (65-81).
518 2534 605 2601 Cum
639 2537 750 2602 hiems
783 2538 820 2602 et
852 2554 959 2603 naves
991 2536 1152 2602 Troianas
1184 2538 1222 2602 et
1254 2554 1348 2603 mare
1380 2539 1491 2620 ipsum

312 2665 470 2743 vexaret,
504 2660 684 2743 Neptunus
713 2660 929 2742 magnanima
958 2659 1186 2741 indignatione
1207 2660 1383 2744 incensus,
1407 2658 1491 2742 quod

313 2784 349 2847 in
383 2784 455 2849 suis
488 2785 595 2867 ipsius
629 2786 752 2851 finibus
785 2787 939 2866 potestas
971 2788 1087 2865 spreta
1121 2800 1197 2848 esse
1219 2784 1283 2849 sibi
1307 2784 1489 2863 videreun,

313 2912 415 2987 <aput
436 2908 536 2972 undis
558 2909 683 2974 extulit
704 2911 741 2974 et
763 2913 886 2974 ventos
906 2908 999 2972 abire
1020 2907 1139 2984 iussit,
1163 2906 1490 2987 quoclaasisafflicta

313 3046 333 3095 e
354 3047 488 3096 summo
510 3031 702 3099 discrimine
725 3036 841 3115 erepta
862 3036 927 3097 est
945 3031 1123 3097 InValerii
1133 3031 1493 3112 FlaeeiArgonautieis

312 3158 435 3220 ventos
467 3154 591 3221 nullius
625 3158 722 3222 iussu
754 3156 814 3221 sed
846 3171 910 3222 suo
941 3155 1053 3221 furore
1085 3156 1271 3221 concitatos
1293 3148 1487 3236 Neptunus,

312 3278 408 3345 udus
444 3277 579 3357 plurimi
612 3280 792 3361 intererat,
825 3283 943 3345 utrum
974 3278 1132 3345 homines
1166 3296 1259 3343 mare
1291 3280 1491 3361 navigantes

311 3401 490 3484 imperium
512 3404 668 3468 tenerent
690 3420 734 3467 an
757 3403 990 3485 ipse‚blandis
999 3402 1137 3467 Iunonis
1148 3404 1185 3467 et
1195 3401 1367 3467 Ninervae
1379 3401 1489 3468 verbis

311 3525 408 3591 facile
418 3528 594 3609 permotus
603 3525 667 3608 iile,
681 3527 739 3605 qui
749 3526 934 3593 iudeorum
945 3526 1100 3591 contione
1110 3530 1274 3607 tacuerat,
1287 3524 1489 3595 intercessit,

312 3666 357 3714 ne
383 3651 492 3731 prima
524 3651 623 3715 navis
654 3649 754 3715 undis
784 3650 990 3716 obrueretur.
1024 3648 1236 3729 Quamquam
1264 3650 1414 3715 maxime
1434 3663 1489 3712 au·

352 3888 384 3968 1)
412 3891 475 3950 Has
503 3894 630 3950 externas
649 3908 741 3965 nugas
769 3891 883 3949 maximi
902 3892 1034 3950 momenti
1053 3907 1113 3949 esse
1132 3890 1272 3949 existimat
1291 3891 1436 3963 Valerius,
1454 3875 1487 3944 ofss

309 3989 416 4048 ardenti
445 3988 517 4047 ferro
546 3988 616 4047 488.
647 3989 770 4047 Phineus
798 4006 907 4063 qnoque
937 3988 998 4047 sine
1024 3988 1103 4046 vittis
1130 3990 1159 4046 et
1176 3988 1255 4046 lauro
1274 3988 1419 4046 vaticinari
1437 3998 1488 4042 non

310 4090 400 4160 potest
426 4086 462 4149 uf.
489 4086 508 4143 2
529 4108 537 4145 ι
557 4086 627 4145 548.
659 4087 734 4155 Quae
760 4087 853 4144 omnia
877 4104 896 4143 a
915 4086 1030 4144 veritate
1049 4088 1165 4144 naturae
1185 4102 1273 4159 aeque
1292 4086 1374 4159 longe
1392 4081 1487 4143 abeunt

308 4187 392 4259 atque
411 4184 536 4243 scenicus
555 4186 720 4257 apparatus,
741 4200 795 4257 quo
815 4184 945 4257 aequales
960 4182 1052 4241 nostri
1063 4182 1400 4241 utunturindramatibns
1412 4176 1490 4239 laetis

309 4282 383 4352 illis,
403 4282 504 4357 quibus
523 4297 624 4339 nomen
644 4284 687 4339 est
706 4298 788 4355 opera
807 4281 941 4353 oomique.
