3300 5067
874 493 917 558 ct

303 687 345 750 ut
354 700 470 750 amore
479 683 899 768 desistantsednusquam
910 703 989 754 eum
999 690 1080 754 ante
1088 687 1171 752 alios
1181 686 1386 752 celebratum
1396 702 1486 751 ame.

304 807 372 874 Sed
388 825 495 890 quum
512 811 567 876 tot
581 810 820 893 mytbograpbi
836 815 1036 894 argumento
1046 811 1178 878 detorto
1188 810 1369 876 Herculem
1381 811 1487 892 Argo
1628 809 1629 820 ’

304 935 489 998 nautarum
510 933 630 1001 ducem
647 934 753 1000 iaime
769 934 941 1018 finxerint,
950 934 1135 1002 moderatio
1144 934 1323 1017 Apollonii,
1333 934 1391 1016 qui
1401 934 1489 999 mul-

304 1056 362 1120 tas
378 1054 559 1122 Heracleas
575 1057 726 1140 perlem,
744 1057 910 1124 bacanda
920 1063 984 1126 est
1004 1057 1254 1126 Alexandrinus
1265 1059 1358 1124 enim
1369 1073 1488 1124 secun-
1629 1111 1630 1138 2

305 1177 388 1244 dam
404 1178 537 1246 fabulae
557 1180 721 1264 originem
739 1197 874 1248 carmen
897 1183 1094 1265 composuit
1111 1182 1270 1264 llytbum
1288 1183 1381 1248 enim
1397 1181 1489 1246 huno

306 1307 459 1384 spectare
480 1304 525 1370 ad
540 1305 776 1388 navigationes
791 1322 853 1388 per
870 1307 977 1372 maria
988 1305 1137 1372 nondum
1148 1307 1322 1390 explorata
1332 1306 1438 1372 factas
1447 1308 1488 1369 et

305 1427 389 1494 nihil
405 1445 586 1495 commune
604 1430 728 1496 habere
745 1446 825 1496 cum
838 1429 961 1496 fabulis
977 1429 1020 1496 de
1030 1428 1175 1496 Hercule
1185 1429 1276 1497 fictis
1291 1429 1322 1513 1)
1346 1429 1489 1496 hocloco

304 1552 496 1619 iterandam
518 1558 584 1619 est
605 1553 700 1620 Inter
713 1555 988 1636 Argonautarum
1005 1559 1122 1621 autem
1140 1556 1206 1620 iter
1222 1559 1259 1620 et
1270 1553 1489 1636 calydoniam

304 1677 523 1742 venationem
532 1677 1193 1759 analogiamacestmtrumqueiectum
1203 1681 1325 1744 vatum
1336 1677 1489 1744 carmini·
1631 1691 1632 1704 ¹

305 1800 370 1866 bus
390 1799 502 1881 magis
522 1802 698 1883 magisque
718 1802 893 1884 increbuit,
916 1818 983 1883 quo
992 1802 1123 1868 metum
1134 1807 1189 1868 est
1200 1805 1241 1868 ut
1250 1819 1358 1884 paene
1369 1817 1490 1868 ornnes

305 1924 424 1989 heroes
444 1923 650 1990 celeberrimi
671 1925 888 2008 mythologici
909 1927 1072 2006 temporis
1093 1926 1260 1992 sociorum
1281 1943 1421 1992 numero
1431 1927 1489 1992 ad·

307 2047 424 2128 scripti
431 2046 667 2114 sintsediieri
678 2064 746 2114 non
755 2050 933 2132 potuisset,
945 2053 986 2116 ut
996 2065 1108 2116 coram
1115 2049 1489 2133 Herculanibilagente
1632 2097 1633 2100 ,

306 2169 407 2236 Iason
427 2172 463 2237 in
481 2169 636 2237 Colchide
656 2172 786 2238 labores
805 2175 850 2239 ab
870 2175 979 2240 Aeete
1001 2191 1080 2256 roge
1103 2173 1281 2240 mandatos
1303 2175 1488 2256 perficeret.

306 2294 418 2375 Hylas
438 2299 555 2361 autem
571 2295 705 2362 iuvenis
721 2298 765 2362 ab
778 2296 922 2364 Hercule
931 2315 987 2380 pro
997 2313 1112 2364 amore
1122 2298 1264 2364 dilectus
1274 2298 1489 2379 peridoneum

306 2417 417 2484 herois
438 2419 618 2485 amovendi
639 2421 848 2488 occasionem
876 2425 995 2504 poetae
1020 2422 1149 2488 attulit.
1180 2422 1378 2502 Antequam
1399 2421 1491 2486 inter
1633 2441 1634 2454 ¹

305 2543 490 2623 utrumque
517 2546 654 2625 poetam
686 2546 971 2627 comparationem
1002 2547 1199 2628 instituam,
1220 2546 1491 2613 animadverten-

306 2666 390 2732 dum
421 2671 478 2734 est
507 2684 611 2748 quam
643 2667 805 2750 singulari
835 2671 1062 2752 temperantia
1091 2675 1128 2736 et
1157 2669 1273 2737 decore
1294 2688 1355 2753 pro
1376 2671 1490 2736 aetate

307 2810 371 2860 sua
402 2810 488 2860 usus
519 2794 568 2858 ait
599 2792 807 2876 Apollonius
852 2793 902 2859 Ut
934 2795 1067 2875 ignotas
1093 2799 1130 2860 et
1156 2795 1246 2860 duas
1277 2795 1331 2860 vel
1361 2796 1491 2859 taetras

307 2918 440 2984 fabulas
456 2919 576 2986 multis
593 2920 785 2985 nominibus
794 2924 932 2986 ornatas
942 2924 1152 2994 enarrarent,
1172 2918 1340 3002 imprimis
1350 2933 1436 2999 quae
1446 2917 1491 2982 arl

308 3041 474 3108 adulteria
490 3048 528 3109 ot
537 3043 710 3110 libidinem
720 3044 947 3126 pertinebant,
958 3042 1116 3124 aequales
1125 3043 1343 3125 potissimum
1354 3057 1491 3124 operam

308 3166 482 3231 navabant
509 3165 555 3248 2).
576 3164 648 3232 Nec
667 3167 787 3233 Venus
807 3167 883 3248 ipsa
903 3165 982 3232 huic
1004 3166 1096 3248 turpi
1118 3164 1230 3230 studio
1248 3164 1488 3230 satisfaciebat.

308 3289 429 3366 Erote,
450 3289 656 3356 amasiorum
674 3295 711 3357 et
726 3294 917 3357 amatorum
928 3293 1121 3370 patronum,
1132 3288 1236 3354 variis
1247 3288 1362 3370 elegiis
1372 3304 1491 3353 canere

309 3413 431 3480 solitus
447 3418 523 3481 erat
539 3413 734 3495 Phanocles,
755 3414 816 3494 qui
836 3414 941 3479 etiam
951 3412 1052 3478 linxit
1063 3411 1186 3494 Orphei
1196 3412 1365 3478 amasium
1376 3411 1491 3478 Calain

308 3539 416 3606 fuisse
437 3545 475 3606 et
483 3539 603 3605 eadem
612 3539 719 3620 elegia
728 3538 920 3620 explicavit,
932 3553 1035 3618 quare
1046 3536 1204 3602 Thraciae
1214 3536 1374 3603 mulieres
1384 3536 1492 3618 siguis

310 3666 450 3730 notatae
460 3665 532 3730 sint
541 3664 579 3729 et
589 3662 802 3728 Lesbusarte
813 3662 944 3728 musica
954 3662 1113 3741 praestet.
1126 3657 1349 3726 Callimachus
1359 3675 1493 3740 quoque

352 3873 383 3950 l)
404 3875 555 3934 Diodorum
573 3874 713 3933 laboribus
730 3872 861 3933 Herculis
880 3871 1040 3931 enarrandis
1060 3871 1209 3930 adductum
1219 3887 1295 3945 esse,
1305 3872 1497 3946 utArgounu-

309 3982 403 4037 tarum
431 3980 508 4038 facta
534 3982 661 4038 narraret
690 3976 894 4056 (4:40:1)
925 3977 981 4036 iam
1007 3978 1110 4036 monui.
1138 3977 1498 4046 Quaooausafuitutoo

301 4102 419 4159 ‚quoque
438 4089 549 4144 aucbre
566 4085 702 4144 Herculea
720 4085 857 4144 sociorum
876 4086 931 4144 dux
950 4085 1044 4144 fuerit

350 4190 384 4269 2)
411 4192 454 4250 cf.
472 4193 643 4251 motiones
661 4193 696 4251 (lc
713 4193 837 4251 Daedan
856 4209 874 4250 a
892 4209 957 4265 rege
976 4190 1082 4250 Kokalo
1101 4192 1146 4249 rel
1165 4209 1183 4249 a
1201 4191 1303 4250 llinois
1322 4191 1390 4250 filiis
1410 4193 1502 4253 inter-

310 4299 399 4368 fecto,
419 4299 453 4357 de
471 4296 689 4371 Hypermestra
707 4301 760 4356 etc.
