3300 5067
717 505 757 577 31

143 702 324 767 errantem.
357 699 396 767 In
424 702 573 770 Aeneide
601 702 738 771 Iunonis
769 703 861 771 dolos
882 694 966 771 dcli's
989 708 1168 771 contexere
1189 704 1329 771 conatae

144 823 195 889 ira
215 823 253 889 in
275 823 437 907 fugitivos
458 825 619 893 Troianos
641 826 701 892 vix
724 826 868 893 destitit.

187 945 359 1030 Imprimis
377 949 714 1017 animadvertendum
725 953 792 1026 est,
802 948 1017 1033 Neptunum,
1029 968 1108 1017 cum
1119 968 1182 1022 sua
1193 950 1328 1033 plurimi

142 1070 351 1155 interfuerit,
384 1077 500 1140 utrum
535 1074 620 1139 fines
654 1089 734 1139 suos
767 1073 935 1139 intrarent
963 1071 1118 1139 homines
1145 1090 1268 1152 necne,
1291 1073 1328 1140 in

143 1194 282 1263 deorum
311 1198 465 1265 contione
486 1197 651 1273 tacrdsse,
673 1198 770 1279 quasi
789 1197 867 1273 ¹eius
889 1196 1055 1264 rationem
1077 1214 1144 1263 non
1166 1199 1328 1267 haberent

142 1317 210 1389 alii.
243 1319 410 1386 Attamen
428 1319 527 1386 Iason
548 1321 668 1387 1:194
690 1336 770 1389 eum
792 1323 965 1401 precatur:
991 1337 1031 1403 ,o
1052 1319 1111 1401 qui
1133 1321 1329 1403 spumantia

142 1446 232 1513 nutu
261 1458 366 1527 regna
400 1444 513 1525 quatis
545 1446 719 1526 terrasque
753 1444 823 1509 salo
857 1444 1087 1527 complecteris
1120 1461 1256 1524 omnes,
1284 1447 1328 1514 da

142 1564 299 1633 veniam”
309 1564 363 1653 (ci.
380 1566 459 1651 214)
470 1573 507 1635 01
518 1570 584 1635 216
598 1568 738 1652 ,Pallas
750 1585 840 1635 nunc
851 1569 963 1649 patrui
973 1570 1171 1636 nunctlecte
1183 1567 1326 1637 minas”.

141 1690 238 1757 Nave
260 1693 375 1757 autem
396 1693 670 1773 Argonautarum
693 1692 768 1757 visa
791 1690 933 1775 Boreas,
957 1692 1325 1778 ingentiiraiucensus,

142 1831 206 1881 sua
236 1817 356 1898 sponte
385 1833 448 1883 nec
474 1834 495 1883 0
517 1817 592 1885 Sole
614 1816 669 1883 vel
691 1834 712 1883 a
734 1816 893 1900 Neptuno
916 1816 1078 1885 incitatus
1099 1813 1200 1903 (quae
1222 1818 1326 1885 tuerit

142 1955 245 2005 causa
260 1957 319 2005 cur
337 1940 460 2007 Boreas
471 1942 721 2024 navigationem
734 1940 918 2023 fastidiret,
930 1942 1067 2007 tantum
1078 1941 1184 2007 conici
1193 1945 1325 2024 potest:
1433 1988 1436 1994 .

141 2063 258 2147 crede,
279 2064 366 2146 quod
390 2065 670 2148 septentrionales
680 2066 835 2147 regiones
845 2068 968 2147 petunt
979 2062 1220 2151 Argonautae.)
1232 2062 1267 2151 t)
1281 2065 1324 2131 ad

140 2190 242 2254 antra
274 2188 393 2259 Aeolia
425 2206 526 2273 prope
559 2190 772 2273 Tyrrhenum
796 2206 888 2255 mare
912 2206 950 2255 se
971 2189 1102 2255 confert
1125 2192 1163 2256 et
1179 2188 1325 2257 Aeolum

140 2310 356 2396 adhortatur,
385 2316 424 2379 ut
454 2316 576 2381 ventos
604 2314 768 2383 dimittat
799 2314 912 2379 Versu
940 2312 1075 2395 quidem
1093 2312 1158 2379 597
1181 2312 1326 2395 legimus

143 2436 311 2520 ,Boream
339 2438 498 2507 nuntium
509 2434 526 2462 ’⁹
556 2437 715 2505 advenire
747 2438 806 2504 sed
837 2437 990 2504 versibus
1012 2438 1231 2519 sequentibus
1253 2454 1327 2521 cog·

139 2561 330 2643 noscimus,
360 2578 439 2629 eum
470 2579 531 2629 suo
559 2562 695 2631 nomine
725 2563 815 2644 loqui
837 2562 916 2638 (598
936 2562 1023 2644 vidi,
1046 2562 1109 2629 601
1134 2562 1236 2639 mihi,
1259 2562 1325 2629 602

139 2700 251 2763 eram,
284 2684 350 2753 605
384 2702 456 2769 me,
487 2693 583 2763 mea).
625 2684 714 2753 Dicit
736 2687 857 2767 ingens
878 2685 1064 2768 periculum
1085 2689 1122 2753 et
1142 2684 1325 2754 nefandum

140 2812 300 2875 conatum
333 2809 423 2892 apud
454 2809 653 2877 Thessalum
683 2810 766 2877 litus
795 2809 934 2875 deorum
965 2809 1105 2892 imperio
1118 2850 1122 2855 ι
1137 2810 1325 2877 imminere.

184 2930 237 2995 At
267 2931 343 2998 0100
371 2933 495 3003 iterum
527 2935 562 3003 in
592 2936 654 3001 hac
688 2933 909 3015 digressione,
933 2932 991 2998 ubi
1013 2932 1200 3015 Vergilium
1221 2950 1325 3015 quam

138 3054 396 3137 diligentissime
419 3058 575 3125 imitatus
602 3061 656 3125 est
683 3062 815 3138 noster,
844 3072 1006 3139 magnum
1032 3056 1212 3124 discrimen
1236 3057 1326 3125 inter

138 3177 313 3246 Maronem
335 3184 372 3247 et
391 3180 559 3248 Flaccum.
582 3182 665 3249 Iuno
688 3182 798 3248 hieme
817 3179 958 3247 terribili
969 3179 1128 3247 Troianos
1138 3181 1324 3262 opprimere

139 3301 280 3384 cupiens
301 3305 422 3387 Aeolo,
446 3321 567 3387 magno
585 3309 764 3373 ventorum
775 3303 941 3381 domitori,
952 3304 1143 3387 persuadet,
1154 3309 1194 3371 ut
1203 3306 1324 3387 procel

138 3426 251 3493 larum
284 3428 319 3493 01
349 3430 543 3497 submersas
571 3430 693 3513 puppis
722 3430 851 3495 obruat.
881 3428 1029 3511 Reginae
1063 3427 1201 3495 deorum
1234 3428 1327 3495 dicto

139 3548 280 3617 audiens
306 3552 436 3621 Aeolus
470 3570 589 3621 cavom
612 3569 773 3622 conversa
794 3551 931 3635 cuspide
958 3556 1110 3618 montom
1131 3551 1266 3633 impulit
1287 3553 1322 3620 in

140 3674 233 3741 letus
266 3679 303 3742 et
336 3694 397 3745 suo
429 3678 526 3745 iussu
554 3677 682 3744 Eurum
706 3677 900 3757 Notumque
921 3678 959 3741 et
980 3674 1134 3741 Africum
1155 3675 1199 3741 ad
1217 3692 1326 3745 naves

140 3800 395 3883 confringendas
429 3802 534 3869 misit.
559 3802 660 3885 Apud
681 3800 855 3869 Valerium
884 3802 1001 3866 autem
1023 3797 1166 3881 legimus
1187 3799 1324 3866 oonsilio

140 3922 285 4003 Boreae,
308 3927 365 4007 qui
386 3944 408 3993 a
429 3927 519 3993 nullo
540 3926 653 3993 iussus
674 3925 733 3991 scd
752 3941 815 3991 sua
835 3920 1185 4006 sponteadvenisset,
1208 3921 1324 3989 audito

178 4191 209 4266 1)
229 4191 282 4251 Sed
300 4194 432 4250 nontam
451 4190 555 4251 Boreae
575 4190 645 4249 iram
666 4203 823 4264 permovere
841 4189 931 4261 potest
951 4186 1022 4246 illud
1044 4186 1098 4246 iter
1117 4186 1195 4262 (quid
1213 4186 1324 4246 enimei

139 4297 264 4358 officiunt
282 4300 383 4358 nautae
389 4300 414 4368 0)
435 4314 518 4371 quam
538 4296 609 4357 Solis
629 4300 658 4357 01
676 4293 814 4370 Neptuni,
835 4293 884 4367 qni
905 4292 978 4351 nihil
998 4292 1054 4351 iam
1074 4291 1163 4353 iacere
1183 4292 1295 4353 audent.
