3300 5067
766 522 815 602 Ι95

200 732 272 799 sint
306 730 438 817 orituri)
464 731 624 813 imponit,
647 729 815 812 pollicitus
838 747 875 796 se
899 731 930 797 ei
952 732 1038 797 hano
1060 731 1230 798 fortunam
1252 705 1387 798 tentare

199 872 285 923 auso
316 855 424 923 vellus
458 854 617 921 daturum
640 870 726 920 esse.
748 854 803 919 Ad
827 871 913 935 quae
936 854 1035 920 Iason
1058 871 1180 937 magno
1202 852 1315 923 animo
1336 872 1387 922 re-

200 978 345 1063 spondet
373 995 410 1044 se
438 979 528 1044 hunc
554 978 701 1044 laborem
723 996 799 1045 esse
821 983 1059 1046 sustenturum
1081 979 1135 1045 vel
1159 979 1189 1044 si
1212 995 1303 1045 mors
1325 978 1388 1044 sibi

198 1103 316 1170 fatalis
338 1103 385 1168 sit
408 1100 623 1187 (ael-432).
654 1101 815 1185 Magnum
838 1120 920 1170 sane
944 1104 1122 1170 discrimen
1145 1103 1234 1169 inter
1256 1102 1389 1186 Apollo·

199 1229 342 1294 nianum
364 1226 520 1294 Iasonem
544 1243 611 1294 non
634 1227 803 1294 heroicum
827 1228 964 1308 quidem
984 1228 1042 1294 sod
1055 1229 1146 1293 recte
1157 1227 1388 1308 dubitantem,

201 1369 287 1420 num
319 1352 466 1418 laborem
500 1351 663 1434 suscipiat
696 1354 732 1417 et
765 1350 985 1417 Valerianum
1019 1350 1113 1417 illum
1142 1367 1273 1432 pugnas
1294 1367 1389 1416 exse·

201 1479 375 1560 orantem,
409 1493 488 1542 cum
513 1491 634 1557 aroge
656 1474 808 1540 animum
833 1474 952 1541 mitem
976 1473 1160 1539 simulante
1183 1489 1327 1554 aequas,
1349 1449 1390 1539 ut

203 1599 397 1678 videbatur,
431 1598 641 1666 condiciones
670 1599 870 1666 audivisset.
907 1597 1008 1664 Iussu
1038 1597 1128 1678 regis
1149 1596 1264 1680 Iason,
1288 1613 1390 1678 quem

201 1721 319 1788 Medea
346 1738 460 1788 amore
481 1722 634 1804 perculsa
655 1722 759 1789 oculis
781 1723 1015 1805 prosequitur,
1038 1725 1074 1787 et
1096 1721 1195 1788 amici
1217 1721 1258 1786 ad
1282 1720 1389 1787 socios

203 1845 387 1929 decedunt,
411 1845 452 1910 of.
476 1845 541 1910 444
565 1862 645 1926 seq:

718 1969 852 2050 έπάύτῷ
876 1967 1039 2046 δ’ύμματα
1061 1966 1145 2048 κούρη

383 2089 461 2168 λοξαὶ
483 2115 569 2172 παρα
590 2093 720 2174 λιπαρην
744 2093 883 2173 σχομένη
905 2091 1009 2168 θηεῖτο
1031 2090 1222 2173 καλύπτρην,

384 2223 436 2296 ιιηρ
460 2213 541 2295 ίιχεῖ
560 2215 735 2296 σμύχουσα·
760 2216 819 2290 νέος
836 2216 877 2281 δέ
901 2217 926 2281 οἱ
949 2215 1013 2291 ἠύτ’
1034 2215 1136 2296 ὄνειρος

388 2337 519 2420 ἑρπύζων
542 2339 696 2417 πεπότητο
719 2343 792 2419 μετ’
816 2339 903 2422 ίχνιιι
927 2340 1122 2419 νισσομένοιο,

205 2463 382 2547 Chalciope
408 2481 538 2546 quoquo
561 2467 690 2532 Aeetae
711 2467 796 2533 iram
820 2469 1059 2533 vehementem
1081 2465 1191 2532 verita
1213 2482 1291 2532 cum
1312 2465 1391 2532 filiis

205 2605 343 2672 egressa
365 2593 478 2655 estet
500 2589 602 2656 simul
622 2591 755 2668 Medea,
780 2591 834 2658 cui
857 2608 991 2672 semper
1011 2593 1091 2656 ante
1114 2591 1225 2658 oculos
1236 2593 1392 2656 versatur

205 2712 323 2792 Iason,
355 2711 463 2793 qualis
497 2713 544 2779 sit
576 2715 762 2796 atquibus
792 2715 946 2781 vestibus
970 2715 1124 2798 indutus
1149 2730 1235 2795 quae
1258 2713 1391 2779 dixerit.

206 2837 303 2904 Haec
324 2836 436 2902 omnia
458 2839 495 2903 et
516 2836 671 2906 habitum
694 2839 767 2904 eius
791 2839 864 2904 sive
887 2838 1037 2904 sedentis
1060 2837 1133 2902 sive
1155 2835 1270 2904 euntis
1288 2852 1397 2902 recor·

208 2961 320 3045 datur,
341 2961 378 3026 et
399 2960 508 3026 verita
530 2978 573 3027 ne
596 2963 718 3028 misere
739 2967 856 3044 pereat
880 2961 1045 3044 suspirat,
1070 2961 1110 3028 cf.
1135 2961 1200 3028 460
1222 2977 1291 3042 seq.
1382 2972 1384 2978 ’

588 3084 705 3166 ὀδύρετο
728 3085 827 3159 δἠύτε
849 3083 988 3162 ποίμπαν
1222 3083 1224 3086 ’

343 3208 397 3285 ἤδη
418 3207 604 3283 τεθνειῶτα,
626 3209 710 3291 τέρεν
733 3209 766 3274 δέ
792 3210 817 3273 οἱ
841 3211 930 3290 οίμφι
954 3207 1083 3289 παρειύις

345 3332 467 3415 δοίκρνον
490 3333 636 3414 αίνοτύτῳ
658 3334 732 3414 ἐλέῳ
754 3333 799 3414 ῥέε
821 3332 1019 3414 κηδοσύνησιν.

344 3453 404 3532 ἦκα
426 3458 459 3523 δὲ
482 3457 633 3538 μυρομένη
655 3457 764 3536 λιγέως
788 3457 959 3523 ἀνενείκατο
981 3453 1079 3535 μῦθον

346 3582 462 3657 ,τίπτ’
486 3581 543 3660 ἐμὲ
566 3580 701 3657 δειλαίην
724 3581 788 3647 τύδ’
812 3581 882 3663 ἔχει
908 3581 1006 3663 ίιχοςς
1030 3578 1092 3646 είθ’
1116 3578 1168 3660 ύχε
1187 3577 1310 3644 ποίντιον

347 3704 500 3788 φθίσεται
522 3707 615 3788 ηρύον
636 3707 899 3788 προφερέστατος,
924 3706 986 3772 είτε
1009 3705 1150 3787 χερείων,

346 3831 461 3911 έρρέτον.
487 3827 506 3906 ἦ
527 3831 584 3910 μὲν
607 3830 739 3912 ὄφελλεν
762 3833 880 3912 οὶκιίριος
903 3827 1110 3907 ἐξαλέασθαι.

347 3955 394 4020 ναί
416 3955 453 4030 δη
475 3954 619 4034 τούτύνε,
641 3954 739 4020 πίτνα
761 3954 824 4020 θεοὶ
849 3954 978 4036 Περσηί,
1003 3954 1141 4027 πέλοιτο,

315 4117 320 4124 ·
348 4077 450 4144 οἴκαδε
471 4079 620 4172 νοστήσειε
642 4079 747 4159 φνχιὶνν
770 4077 874 4159 μύρον,
901 4078 927 4143 εί
951 4077 984 4142 δέ
1007 4101 1060 4155 μιν
1082 4073 1158 4142 αἶσα

348 4199 501 4280 δμηθῆναι
524 4202 582 4266 ὑπὸ
605 4201 695 4279 βουσί
700 4251 709 4275 ,
732 4200 801 4266 τόδε
825 4199 1013 4284 προπάροιθε
1037 4201 1142 4277 δαείη,

349 4322 460 4390 ούνεκεν
484 4325 517 4390 ού
538 4327 563 4390 οί
585 4322 682 4403 ἔγωγε
704 4335 782 4410 κακῇ
805 4324 1001 4403 έπανοιίομοιι
1025 4324 1094 4409 ίιση.
