3300 5067
866 471 911 536 80

337 669 372 736 Α
403 666 529 750 Minyis
562 667 658 733 metu
691 682 760 733 nox
784 666 932 749 exigitur
964 667 1000 732 et
1031 667 1207 748 praecipue
1230 665 1329 734 lason
1353 667 1483 734 consilii

292 793 392 876 inops
413 791 518 858 variis
540 791 630 856 curis
650 790 867 866 sollicitatur,
890 791 994 857 donec
1013 790 1087 856 luce
1099 795 1217 858 exorta
1228 805 1266 856 se
1277 789 1481 858 confirmans

292 915 405 983 audax
427 914 602 982 consilium
624 914 689 980 init
709 931 789 981 cum
811 930 933 982 novem
955 913 1054 980 sociis
1077 913 1113 980 in
1135 912 1266 980 Aeetae
1286 915 1404 981 urbem
1414 915 1479 998 ire,

293 1044 337 1106 ut
356 1039 463 1123 ignoti
483 1037 619 1122 tyranni
642 1042 794 1104 mentem
815 1036 1011 1120 experiatur
1029 1039 1079 1114 et,
1102 1036 1133 1102 si
1150 1036 1390 1104 inexorabilem
1400 1055 1481 1106 eum

292 1178 370 1228 esso
403 1162 614 1244 cognoverit,
646 1161 757 1228 vellus
791 1162 827 1228 vi
855 1161 984 1228 auferre
1015 1165 1155 1228 conetur
1177 1157 1392 1248 (296-328).
1415 1163 1482 1228 Per

293 1286 437 1354 noctem
461 1283 578 1354 Medea
611 1285 715 1352 variis
737 1283 901 1352 monstris
923 1287 960 1350 et
983 1283 1065 1352 diris
1087 1283 1246 1366 somniis,
1270 1301 1356 1366 quae
1377 1286 1481 1352 nimis

292 1413 449 1476 accurate
492 1407 608 1474 futura
641 1407 839 1491 praedicunt
872 1408 1065 1490 iterumque
1098 1409 1265 1492 virginem
1298 1409 1480 1476 scelestam

293 1533 481 1600 veneficam
521 1534 558 1597 et
601 1531 798 1613 parricidam
841 1531 1077 1599 demonstrant
1112 1529 1191 1616 (339
1225 1534 1261 1598 61
1294 1532 1380 1616 340,
1414 1533 1478 1600 348

291 1674 425 1741 quoque
448 1659 485 1722 et
506 1656 589 1722 349:
613 1655 778 1722 telis....
803 1654 936 1722 colchis
957 1661 1032 1724 erat
1053 1657 1202 1724 nondum
1224 1656 1366 1724 miseros
1377 1674 1480 1724 exosa

294 1778 484 1866 parentes),
510 1779 624 1863 „iubar
644 1778 687 1846 ad
710 1779 870 1862 placabile
891 1779 1016 1846 Phoebi
1039 1784 1076 1847 et
1097 1780 1480 1848 horrendas-lustrantia

290 1904 436 1972 flumina
458 1908 577 1970 noctes
586 1899 607 1929 ’'
629 1904 657 1969 it
684 1903 727 1988 1).
750 1902 845 1970 Visis
868 1904 1056 1988 hospitibus
1078 1904 1269 1986 perculsam
1291 1905 1480 1988 grandaeva

293 2027 466 2094 Henioche
489 2032 605 2095 monet
627 2028 780 2095 homines
802 2028 991 2096 simillimos
1010 2027 1110 2096 Graio
1127 2028 1250 2096 Phrixo
1274 2027 1393 2097 Graios
1404 2045 1479 2094 esse

292 2152 509 2238 (aaa-362).
529 2153 656 2221 Statim
679 2153 777 2220 Iason
800 2170 821 2218 a
843 2151 970 2219 lunone
982 2168 1069 2220 novo
1079 2153 1194 2220 robore
1206 2156 1241 2219 61
1253 2157 1352 2234 grata
1362 2153 1474 2219 iuven·

294 2282 370 2346 tute
391 2277 458 2362 ita,
482 2282 605 2345 auctus
638 2280 678 2344 ut
701 2277 809 2345 socios
831 2277 928 2360 longe
951 2278 1200 2361 superemineat
1224 2279 1273 2359 2),
1298 2283 1334 2346 61
1357 2277 1471 2346 Medea

294 2403 449 2486 pulchra,
473 2403 582 2485 qualis
603 2407 677 2470 erat
700 2400 899 2483 Proserpina
921 2400 1070 2468 nondum
1092 2419 1113 2467 a
1135 2401 1214 2468 Dite
1237 2403 1335 2484 rapta
1357 2400 1477 2485 (343-

291 2525 392 2610 347),
438 2530 580 2610 uterque
612 2526 746 2610 stupuit
779 2530 816 2592 et
850 2525 982 2592 defixus
1014 2525 1050 2591 in
1080 2526 1158 2592 visu
1190 2529 1310 2592 mutuo
1350 2525 1474 2592 haeret.

205 2683 209 2689 ·
292 2649 576 2734 Animadvertas,
610 2652 684 2718 sine
717 2649 860 2717 Veneris
881 2650 1080 2716 interventu
1102 2649 1159 2716 vel
1180 2649 1319 2716 Amoris
1342 2649 1476 2732 sagittis

291 2775 403 2858 primo
432 2777 573 2858 aspectu
602 2773 737 2841 Medeae
768 2776 805 2841 61
834 2773 964 2840 Iasonis
987 2789 1138 2840 amorem
1177 2772 1347 2840 exardere.
1382 2772 1477 2839 Iason

296 2899 437 2966 comiter
466 2900 721 2966 erubescentem
743 2901 779 2964 et
801 2897 961 2964 timidum
983 2898 1110 2986 regiam
1132 2895 1246 2972 filiam,
1270 2913 1358 2978 quae
1383 2897 1477 2980 virgi·

296 3038 360 3088 neo
390 3025 487 3088 metu
517 3024 697 3089 cunctatur
718 3037 838 3088 vocem
858 3020 975 3104 edere,
1016 3021 1181 3087 allocutus
1202 3021 1244 3086 ab
1267 3036 1308 3085 ea
1330 3021 1478 3086 monitus

295 3149 351 3212 est
373 3145 508 3212 hostem
529 3163 631 3230 prope
653 3148 772 3213 urbem
795 3162 882 3213 esse.
905 3145 998 3228 Quod
1020 3145 1217 3228 colloquium
1240 3148 1339 3212 extra
1361 3146 1476 3210 urbem

297 3271 423 3338 mirum
456 3274 528 3346 est,
563 3288 639 3340 cum
671 3271 791 3337 Perses
820 3288 899 3337 cum
930 3273 983 3336 tot
1007 3269 1110 3353 copiis
1133 3285 1209 3336 eam
1233 3273 1414 3350 oppugnet.
1447 3268 1478 3332 A

296 3394 424 3461 Iunone
453 3393 597 3476 caligine
627 3395 741 3460 tectus
762 3393 890 3460 famula
913 3393 996 3459 duce
1021 3393 1187 3475 templum
1209 3393 1316 3458 intrat
1338 3392 1397 3459 ubi
1418 3407 1477 3457 rex

296 3533 449 3600 proceres
470 3516 566 3583 audit
588 3521 624 3584 et
646 3517 759 3601 popuii
780 3534 896 3600 preces
919 3515 1133 3602 (363-406).

342 3642 468 3724 Operae
486 3642 634 3725 pretium
646 3645 700 3708 est
710 3643 835 3708 iterum
847 3641 1033 3710 Aeneidem
1044 3657 1235 3722 comparare
1250 3641 1265 3706 1
1281 3638 1476 3706 :411-494

297 3769 335 3830 et
355 3764 481 3831 Valerii
502 3765 610 3831 Flacci
622 3765 861 3848 Argonautica.
887 3763 949 3846 Qui
964 3767 1080 3832 autem
1092 3763 1253 3830 Aeneidis
1264 3763 1356 3830 locus
1368 3763 1476 3830 admo

337 4055 366 4125 1)
388 4053 447 4114 328
467 4055 574 4114 61330
594 4071 650 4114 non
669 4054 835 4115 conveniunt
855 4054 948 4113 versui
968 4054 1027 4113 348
1049 4055 1111 4128 (our
1130 4054 1224 4114 taedas
1244 4056 1335 4128 portat
1352 4055 1408 4114 sole
1424 4055 1475 4112 iam

294 4156 427 4239 exortoi).

335 4269 367 4342 2)
388 4267 429 4327 cf.
449 4267 589 4326 sinistram
609 4267 839 4340 comparationem
859 4267 926 4338 371,
950 4266 1018 4326 372.
