3300 5067
832 509 876 574 94

416 699 512 765 δαλοῦ
534 699 732 780 ἀνεγρόμενον
754 724 807 766 ουν
829 699 955 782 κοὶρΦεοι
978 699 1069 768 πέντ’
1093 700 1260 780 ἀμαθύνει·

416 830 493 897 τοῖος
516 823 574 890 im
598 824 703 906 κροοδίρ
725 825 883 903 εἰλυμένος
906 823 1016 892 αἴθετο
1038 823 1140 908 λάθρη

415 941 499 1022 οὖλος
522 947 601 1029 ἔρος·
625 947 757 1021 οἱταλοὶς
780 948 814 1014 δὲ
838 951 1060 1030 μετετρωπᾶτο
1082 949 1213 1032 παρειὰς

417 1074 450 1148 ἐς
466 1072 582 1155 χλόον,
605 1072 714 1139 ἄλλοτ’
738 1071 878 1154 ἔρευθος,
901 1073 1056 1157 ἀκηδείῃσι
1080 1073 1160 1138 νοόοο.

306 1199 389 1267 Post
409 1217 567 1280 coenam,
589 1202 646 1266 ubi
669 1201 751 1267 fossi
773 1202 893 1267 heroes
914 1201 1448 1286 virescihoetvinorefecenmt,

259 1340 322 1391 rex
364 1326 496 1408 Argum
542 1326 659 1392 Phrixi
688 1325 795 1394 illium
825 1326 1028 1408 interrogat,
1063 1343 1229 1407 quaenam
1262 1341 1365 1393 causa
1399 1326 1448 1392 sit

260 1449 450 1531 necopinati
469 1449 600 1517 reditus
621 1453 658 1516 et
680 1467 764 1530 quos
786 1449 939 1532 hospites
962 1465 1078 1516 secum
1099 1449 1302 1518 adduxerint
1322 1447 1445 1532 (303-

260 1573 349 1658 316).
371 1573 494 1656 lingna
514 1572 692 1655 prudentia
710 1589 794 1638 usus
815 1573 997 1655 respondet
1019 1574 1134 1655 Argus
1151 1590 1332 1656 regemque
1350 1573 1449 1642 docet

260 1700 535 1780 Argonautarum
575 1695 784 1784 propositum
824 1695 1039 1781 (ear-317),
1074 1698 1196 1779 quihus
1228 1697 1352 1764 auditis
1385 1713 1448 1764 rex

259 1823 409 1904 graviter
441 1821 584 1887 affectus
617 1821 782 1904 erumpit:
816 1823 938 1888 statim
971 1837 1049 1886 cnm
1082 1821 1166 1888 dolis
1198 1821 1372 1888 discedant
1404 1823 1447 1888 ab

260 1944 382 2020 oculis3
404 1960 463 2010 ecs
485 1961 551 2010 non
573 1943 683 2010 vellus
700 1945 761 2010 sed
777 1949 949 2027 sceptrum
961 1948 997 2011 et
1007 1946 1138 2027 regium
1150 1946 1311 2012 honorem
1321 1949 1448 2028 petere,

261 2069 382 2134 mereri
409 2067 512 2150 igitur
533 2069 665 2152 languis
687 2068 836 2135 exsectis
858 2069 1082 2151 manibusque
1105 2069 1294 2152 amputatis
1315 2069 1446 2135 remitti

260 2193 401 2274 pedibus
420 2193 518 2272 solia,
547 2211 585 2260 se
608 2198 725 2260 tamen
748 2193 886 2276 hospitii
908 2193 1040 2260 iniuriis
1062 2193 1238 2260 afuturum
1260 2193 1446 2260 aer-382.

305 2317 432 2400 Regem
459 2333 583 2400 magna
599 2319 650 2384 ira
668 2317 846 2384 incensum
868 2333 945 2384 esse
967 2334 1075 2399 neque
1086 2319 1199 2385 animo
1210 2333 1272 2384 suo
1282 2318 1447 2398 imperare

246 2441 411 2525 potuisse
445 2442 554 2523 magis
586 2441 707 2508 virtuti
739 2447 777 2510 et
809 2442 911 2509 feroci
943 2443 1171 2526 potentissimi
1204 2442 1309 2525 regis,
1338 2459 1447 2524 aquo

260 2565 391 2631 Iasonis
421 2570 458 2633 et
489 2565 653 2632 sociorum
686 2565 779 2632 salus
801 2565 979 2646 penderet,
1002 2567 1136 2649 ingenio
1158 2566 1319 2649 concinit,
1343 2583 1447 2648 quarn

260 2688 386 2758 Valerii
416 2688 582 2769 expositio
611 2689 781 2755 namantis
811 2688 847 2772 (ὃ
870 2708 878 2756 :
903 2689 1095 2775 534-541)
1117 2707 1197 2757 cum
1218 2691 1338 2758 statim
1360 2691 1447 2758 iram
1473 2693 1476 2697 ’

261 2813 480 2881 devorantem
502 2812 580 2879 miti
601 2813 714 2880 animo
735 2812 896 2880 simulato
917 2814 1010 2881 dolos
1028 2814 1178 2881 finxisse.

276 2956 282 2968 *
305 2937 474 3004 Aeaciden
496 2937 618 3004 acriter
635 2953 876 3020 responsurum
887 2938 1079 3020 interpellat
1089 2938 1188 3004 lason
1199 2941 1236 3004 et
1246 2937 1446 3020 respondet:

262 3080 300 3130 se
332 3079 400 3130 non
430 3079 493 3128 sua
514 3065 634 3142 sponte
656 3078 715 3144 per
737 3066 790 3128 tot
811 3061 920 3128 maria
942 3079 981 3128 ac
1003 3063 1150 3145 pericula
1171 3062 1238 3128 iter
1259 3061 1380 3128 fecisse
1402 3063 1446 3128 ad

260 3187 442 3256 auferenda
473 3187 559 3252 hona
592 3186 701 3252 aliena
730 3186 790 3252 sed
818 3187 921 3253 deum
950 3189 987 3253 et
1010 3187 1177 3252 crudelem
1199 3188 1384 3268 tyranuum
1397 3191 1445 3250 'se

261 3311 479 3394 compulisse:
503 3326 541 3375 se
563 3314 680 3375 autem
702 3315 860 3392 paratum
881 3327 957 3376 esse
977 3310 1006 3376 si
1025 3328 1086 3376 rex
1098 3310 1161 3377 sihi
1172 3311 1234 3376 hoc
1245 3309 1446 3376 heneficium

260 3437 406 3518 dederit,
440 3450 520 3500 curn
554 3433 713 3502 adiuvare
747 3433 790 3499 ad
812 3434 971 3516 populum
993 3435 1269 3501 Sauromatarum
1291 3434 1446 3516 subigen-

261 3561 343 3628 dum
365 3561 438 3628 sive
461 3559 562 3626 aliam
583 3562 721 3642 gentem
743 3559 926 3625 inimicam.
949 3557 1015 3624 Sed
1037 3575 1098 3624 rex
1120 3544 1369 3625 dubiusutrum
1387 3573 1446 3624 eos

261 3683 337 3752 ilico
357 3684 538 3751 interliciat
559 3700 603 3748 an
625 3682 809 3765 periculum
832 3681 935 3748 iaciat
956 3681 1098 3764 virium,
1121 3681 1232 3748 Iasoni
1246 3682 1347 3749 duros
1357 3681 1445 3748 lano

262 3825 318 3874 res
341 3806 457 3893 (boves
479 3811 592 3875 aratro
613 3807 815 3889 iungendos,
840 3807 961 3874 dentes
980 3807 1136 3872 serendos
1148 3807 1235 3873 unde
1246 3807 1311 3874 viri
1321 3807 1445 3872 armati

259 4099 345 4158 found
373 4099 449 4158 them
477 4100 509 4158 in
534 4100 703 4171 litterature,
730 4099 786 4158 and
806 4100 906 4174 thougt
925 4100 1000 4159 thern
1020 4100 1068 4159 the
1088 4102 1270 4174 spontanecus
1289 4097 1448 4174 expression

260 4205 292 4264 of
318 4205 366 4264 the
394 4205 469 4278 grief
495 4205 526 4264 oi
552 4207 627 4278 lore,
655 4206 737 4265 while
763 4207 829 4280 they
848 4223 918 4266 were
937 4207 1023 4280 really
1043 4206 1091 4265 the
1110 4206 1237 4265 artificial
1257 4206 1398 4266 invention
1418 4207 1450 4266 oi

259 4311 445 4372 Callimachus
463 4311 518 4370 and
537 4312 582 4370 his
601 4311 707 4384 school,
726 4313 787 4371 who
806 4313 872 4371 thus
891 4312 1015 4372 fathered
1034 4313 1110 4372 them
1130 4328 1204 4387 upon
1223 4312 1326 4370 human
1337 4315 1445 4376 nature.
