3300 5067
852 500 896 565 54

285 695 373 761 vixit
399 693 618 762 Macedonum
641 712 719 772 rex,
743 694 837 765 urbis
858 694 1085 761 Alexandriae
1102 694 1269 769 conditor,
1291 696 1349 763 nbi
1370 695 1476 779 Apol·

284 818 394 885 lonius
422 818 573 885 Rhodius
602 819 818 887 bibliothecae
849 822 967 885 custos
986 818 1177 885 litterarum
1199 817 1312 885 studio
1333 835 1475 901 operam

280 942 442 1024 -navarit,
476 942 623 1009 multum
655 942 819 1017 valuisse,
850 942 972 1007 docent
1001 941 1201 1008 Plutarchus
1231 942 1305 1009 vita
1325 944 1425 1009 Alex.
1451 945 1474 1010 2

283 1070 322 1134 et
354 1064 447 1133 Curi.
481 1066 646 1133 8:3226.
682 1066 834 1147 Uterque
867 1064 960 1131 enim
992 1067 1047 1131 est
1075 1070 1193 1166 auctor
1221 1067 1412 1149 Philippum
1435 1070 1475 1133 et

282 1190 494 1273 Olympiam,
523 1189 708 1256 Alexandri
736 1188 849 1272 Magni
878 1193 1055 1271 parentes,
1078 1190 1232 1257 initiatos
1252 1207 1338 1258 esse.
1361 1191 1475 1272 eram

281 1312 444 1391 subtilem
468 1315 504 1379 et
524 1313 699 1395 ingentem
710 1312 899 1379 doctrinam
911 1312 1108 1394 Apollonius
1119 1318 1292 1381 ostentare
1302 1316 1476 1397 potuisset

285 1434 338 1501 his
346 1438 519 1517 mysteriis
529 1436 735 1521 enarrandis,
743 1440 913 1518 quatenus
924 1437 956 1503 ei
966 1437 1112 1504 fortasse
1121 1437 1256 1504 initiato
1264 1436 1473 1523 (ele-921)

284 1559 422 1637 licebat,
441 1564 476 1625 et
499 1560 628 1626 musica
650 1564 723 1625 arte
736 1559 857 1641 Orphei
868 1560 1003 1637 initiati,
1014 1576 1080 1640 quo
1090 1566 1270 1642 praesente
1281 1562 1316 1628 in
1327 1563 1477 1644 procella

281 1685 353 1750 sint
361 1683 791 1759 serrati,commemoranda
801 1681 1148 1769 1)iacilecognoveris
1158 1684 1369 1767 Quamquam
1377 1686 1474 1753 nulla

280 1808 405 1891 Orphei
416 1824 477 1890 ope
488 1808 523 1873 in
534 1806 677 1889 procella
688 1807 815 1873 servati
827 1812 865 1873 et
876 1806 1213 1894 (valebo-ebo)
1225 1810 1473 1878 salviadinsu·

283 1933 352 1999 lam
366 1935 604 2014 pervenerunt,
616 1936 732 1999 tamen
744 1932 871 1998 initiati
881 1934 965 1997 sunt
974 1934 1129 2000 cautione
1140 1951 1184 1999 ne
1196 1936 1302 2001 maris
1312 1915 1472 2017 periculis

284 2053 496 2137 premanturl
519 2057 593 2123 Hoc
614 2074 745 2138 quoque
759 2056 831 2123 loco
841 2056 996 2122 Valerius
1008 2058 1073 2123 sibi
1084 2073 1149 2124 non
1161 2063 1323 2125 constans
1334 2060 1472 2141 Apollo·

284 2180 570 2247 niinarrationem
580 2182 675 2248 miris
686 2180 929 2247 additamentis
939 2185 1129 2248 contortam
1140 2184 1342 2250 obscuravit.
1355 2182 1471 2266 Pergit

282 2322 418 2374 namara
440 2304 583 2371 Latinus
604 2305 682 2371 inde
705 2306 748 2371 ad
769 2305 880 2387 Sigeia
898 2306 996 2372 litora
1014 2306 1149 2372 venisse
1167 2309 1398 2391 Argonautae,
1411 2310 1471 2375 ubi

283 2428 444 2495 Hercules
477 2446 554 2495 curn
588 2429 765 2496 Telamone
796 2446 953 2511 egressus
981 2435 1171 2497 monstrum
1194 2432 1387 2508 interemit,
1412 2425 1468 2499 cui

283 2554 376 2636 regia
396 2555 490 2636 virgo
511 2554 660 2635 proiecta
681 2556 754 2620 erat
776 2554 846 2619 irae
864 2552 1014 2635 Neptuni
1032 2554 1214 2636 placandae
1232 2571 1343 2621 causa.
1356 2554 1470 2623 Nimia

284 2679 540 2759 exaggeratione
573 2678 769 2760 magnitudo
803 2682 840 2743 et
867 2678 930 2742 vis
950 2679 1068 2745 beluae
1088 2678 1304 2746 describitur:
1328 2696 1364 2745 re
1379 2674 1470 2747 'vera

282 2805 337 2867 est
358 2806 567 2885 „monstrum
580 2800 726 2884 ingens’'
747 2800 1090 2886 (479)..Quaeomnia
1100 2804 1145 2880 ab
1153 2802 1471 2885 Apollonio-Rhodio

281 2927 411 2991 omissa
432 2927 574 2994 inseruit
607 2925 763 2992 Valerius
793 2925 974 2992 Diodorum
993 2928 1026 3003 2)
1059 2927 1196 3008 quidem
1229 2928 1386 2994 imitatus
1407 2928 1468 2994 sed

282 3050 348 3115 sibi
391 3067 456 3115 non
503 3052 657 3116 conscius
700 3050 881 3116 Diodorum
925 3052 1012 3115 hanc
1055 3050 1331 3133 Argonautarum
1371 3068 1469 3134 expe

282 3174 445 3241 ditionem
467 3190 619 3257 narrare,
636 3174 724 3255 quod
743 3174 916 3257 Hercules,
940 3174 1036 3241 cuius
1057 3174 1147 3241 facta
1170 3174 1325 3257 exponit,
1350 3182 1468 3243 eorum

282 3299 395 3366 socius
428 3297 495 3363 fuit
528 3301 564 3363 et
597 3296 760 3363 Diodorus
794 3299 934 3363 obeam
962 3314 1100 3363 causam
1122 3299 1205 3363 haec
1227 3298 1357 3379 omnia,
1382 3314 1468 3381 quae

283 3420 446 3488 Hercules
480 3421 515 3485 in
550 3418 686 3485 Troiade
722 3420 819 3503 iecit,
853 3420 895 3485 de
918 3420 1124 3501 Argonautis
1146 3420 1278 3487 rabulae
1301 3422 1466 3491 adiunxit

328 3546 538 3626 Quamquam
560 3544 650 3624 turpi
673 3542 911 3610 Laomedontis
928 3544 1044 3610 fraude
1063 3544 1221 3612 Troianos
1240 3562 1351 3611 mores
1362 3544 1466 3627 pessi·

283 3684 358 3734 mos
380 3667 612 3750 cognoscimus
635 3664 729 3752 (nam
752 3668 861 3734 noluit
882 3684 987 3749 equos
1007 3669 1191 3751 promissos
1201 3669 1290 3734 filiae
1302 3667 1467 3735 servatori
1539 3644 1540 3648 ¹

324 3861 355 3931 1)
366 3860 527 3920 distendor
537 3878 600 3935 pag.
612 3860 660 3927 30,
672 3861 720 3936 qui
732 3860 810 3919 docet
819 3861 970 3921 secundum
977 3862 1142 3936 Dionysium
1152 3861 1344 3935 Mytilinaeum
1354 3877 1469 3936 magnos

283 3942 356 3999 Deos
385 3941 573 3999 Samothraces
594 3942 681 3999 solere
701 3941 837 4000 auxilium
857 3942 956 4002 afferre
973 3943 1068 4001 nantis
1088 3942 1173 4000 maris
1192 3944 1221 4001 et
1239 3941 1422 4015 procellarum
1441 3939 1468 3999 ri

284 4023 366 4095 atque
386 4021 516 4093 periculis
535 4021 655 4090 obrutis3
677 4021 774 4080 deinde
793 4022 952 4097 suspicatur
969 4023 1034 4099 (31)
1056 4022 1101 4095 (0.
1122 4021 1223 4081 Miller
1234 4021 1399 4095 Orchomp.
1410 4018 1467 4081 265

264 4104 311 4159 ¹et
330 4118 358 4174 p.
379 4098 437 4159 450
459 4118 506 4175 qq.
526 4100 637 4172 collato)
660 4100 787 4160 Iasonem
808 4102 926 4161 eundem
945 4103 1036 4161 Deum
1054 4103 1098 4161 vel
1119 4102 1467 4176 idemnumenesseatque

279 4180 415 4241 Cadmum
435 4180 464 4238 in
475 4181 613 4253 mysteriis
623 4181 817 4243 Samothraoiis
828 4182 949 4253 cultum,
967 4182 1061 4241 nautis
1070 4182 1245 4258 potissimum
1255 4185 1466 4241 succurrentem.

323 4286 355 4366 2)
375 4286 454 4346 nior.
478 4287 495 4345 1
518 4308 524 4345 :
545 4286 584 4346 42
606 4309 613 4345 :
635 4286 652 4344 2
674 4304 733 4363 seq.
