3300 5067
514 1343 635 1416 suoru
659 1343 768 1417 Fisus!
792 1344 875 1416 titur
896 1344 1036 1434 quintus.

227 1562 292 1630 Sed
314 1564 399 1630 satis
421 1562 530 1630 adhuc
552 1563 594 1628 ds
612 1517 666 1628 his
689 1562 846 1629 omnibus
859 1566 896 1638 st
908 1562 949 1628 ds
960 1562 1234 1644 Argonautarum
1244 1559 1364 1626 itinere

177 1692 317 1772 praeter
350 1687 447 1754 litora
480 1687 579 1754 Ponti
609 1685 743 1752 Euxini.
777 1686 975 1768 Antequam
1005 1687 1121 1751 autem
1151 1683 1365 1750 Valerianam

177 1827 295 1878 rerum
336 1813 510 1892 gestarum
544 1809 693 1877 ordinem
728 1825 913 1892 exponam,
943 1808 1279 1876 animadvertendum
1312 1811 1366 1873 est

176 1941 239 2002 est
256 1934 440 2010 Valerium,
459 1934 517 2017 qui
535 1933 725 2000 aedificium
740 1934 783 1999 ab
794 1932 968 2016 Apollonio
979 1937 1193 2000 exstructum
1204 1931 1365 1998 caducum

177 2058 297 2125 effecit
325 2062 362 2125 et
394 2058 528 2124 ruinam
550 2056 727 2138 daturum,
757 2056 793 2122 in
816 2057 969 2123 carmine
992 2073 1053 2122 suo
1076 2055 1169 2123 libris
1189 2053 1366 2122 dividendo

180 2186 258 2248 tam
281 2180 367 2246 mira
387 2180 518 2247 ratione
541 2195 642 2245 usum
664 2195 757 2256 esse,
782 2180 880 2260 quasi
901 2178 976 2246 libri
998 2195 1177 2246 numerum
1198 2177 1365 2259 quandam

182 2322 347 2372 versuum
368 2305 506 2370 tantum
527 2301 659 2384 explere
682 2303 827 2370 debeant
849 2319 911 2369 neo
930 2302 1029 2370 factis
1048 2303 1103 2370 vel
1122 2302 1235 2369 ordine
1253 2319 1367 2368 rerum

179 2429 370 2512 exsistant,
393 2427 482 2494 unde
504 2426 634 2493 factum
656 2426 703 2493 sit
724 2428 764 2492 ut
786 2427 996 2509 guavissimis
1017 2426 1367 2508 rebusomnspondus

180 2551 406 2635 asumpserit:
424 2549 584 2636 appulsus
603 2549 639 2616 in
658 2547 770 2632 cyzici
788 2566 930 2634 regnum
949 2552 986 2617 st
1003 2554 1113 2617 taetra
1131 2567 1242 2634 pugna
1257 2549 1367 2616 reditu

183 2677 461 2758 Argonautarum
494 2673 676 2739 commissa
709 2672 745 2738 in
775 2673 846 2738 fine
879 2673 953 2740 libri
983 2674 1121 2740 secundi
1149 2676 1185 2740 et
1214 2674 1250 2740 in
1271 2674 1367 2740 initio

182 2798 261 2865 libri
277 2798 371 2864 tertii
389 2797 500 2880 posita
519 2799 573 2863 est
596 2795 649 2881 1),
667 2795 830 2877 digressio
848 2797 892 2862 ad
910 2800 1037 2864 sortem
1047 2797 1200 2864 Herculis
1211 2814 1365 2864 enarran-

182 2923 266 2989 dam
287 2921 355 2988 fine
376 2920 450 2988 libri
472 2920 566 2987 testii
587 2923 730 3002 abrupta
751 2921 834 2988 stin
853 2920 938 2986 duas
955 2924 1071 3004 partes
1089 2920 1198 2988 divisa
1211 2919 1368 3006 2),mora

185 3047 223 3111 in
244 3045 335 3128 regis
357 3045 438 3127 Lyci
460 3045 595 3127 regions
617 3042 652 3130 3)
674 3045 710 3110 in
734 3044 864 3111 duobus
885 3060 1019 3127 quoque*
1031 3045 1124 3112 libris
1142 3049 1277 3112 narrata
1295 3048 1367 3118 est:

182 3185 272 3252 quae
306 3169 419 3236 omnia
450 3185 577 3234 nexum
609 3168 782 3235 infirmum
815 3174 852 3236 st
885 3186 1010 3251 vagum
1043 3169 1196 3236 reddunt.
1235 3168 1366 3236 Vitium

63 3327 67 3337 =
183 3310 318 3376 quoque
351 3295 421 3376 est,
455 3293 543 3376 quod
575 3294 653 3360 finis
687 3293 761 3360 libri
793 3293 932 3360 secundi
962 3298 998 3361 st
1027 3294 1101 3361 libri
1128 3294 1239 3376 quarti
1265 3293 1369 3359 nimia

184 3418 407 3486 similitudine
424 3417 585 3484 laborant.
607 3417 701 3485 Haec
719 3417 833 3484 omnia
851 3417 948 3500 longe
967 3422 1104 3500 superat
1122 3418 1204 3484 liber
1213 3418 1367 3499 quintus,

186 3542 246 3609 ubi
268 3544 541 3624 Argonautarum
562 3559 606 3608 ns
628 3541 796 3609 adventus
817 3541 956 3623 quidem
978 3542 1012 3608 in
1032 3541 1221 3610 colchidem
1239 3541 1369 3608 effluere

187 3666 314 3750 potuit,
338 3670 378 3733 ut
400 3665 554 3733 Valerius
577 3668 630 3732 tot
651 3671 764 3731 rerum
786 3668 963 3747 gestarum
985 3667 1107 3733 ssn'em
1124 3665 1191 3732 fine
1210 3665 1370 3731 librieon-

189 3790 337 3857 ctusstit.

230 4078 261 4158 1)
282 4081 401 4141 2-635
421 4079 457 4140 ati
475 4081 573 4151 finum,
594 4081 613 4140 3
635 4099 643 4138 ε
667 4080 794 4140 1-458.
875 4075 876 4078 “

230 4186 264 4267 2)
284 4188 303 4246 3
325 4208 333 4246 t
354 4187 411 4273 487
432 4186 468 4246 ad
486 4187 582 4257 finem,
602 4186 624 4246 4
644 4208 652 4246 2
674 4186 781 4246 1-82.

229 4294 261 4368 3)
281 4293 303 4353 4
324 4313 331 4351 z
352 4293 410 4352 733
430 4292 466 4351 ad
485 4293 585 4362 finenm
607 4293 624 4349 5
647 4318 654 4350 ε
679 4293 728 4352 72.
