3300 5067
860 474 903 542 18

292 676 406 756 erent,
430 671 627 755 Apollonius
649 672 1037 757 mxitseintercoptum
1050 690 1135 757 opus
1145 674 1374 757 perfectumm
1384 692 1472 744 esse.

336 794 457 878 lnoipit
473 797 590 861 autem
600 796 787 865 rectissime
797 796 995 880 Apollonius
1003 798 1155 881 catalogo
1164 797 1295 865 Iasonis
1304 798 1472 867 sociorum

292 922 439 1004 primum
469 924 677 987 enumerato.
709 919 797 987 Nam
829 920 916 987 illico
943 922 1175 1003 comoscimus
1196 925 1278 1005 quot
1299 927 1336 989 et
1358 924 1475 1005 quales

290 1041 555 1129 hermeneum
577 1044 661 1109 duce
683 1042 815 1109 itineris
836 1043 1021 1126 periculum
1043 1044 1115 1111 sint
1137 1043 1277 1126 facturi,
1299 1045 1471 1127 quointel-

291 1167 427 1250 ligimus
460 1167 538 1233 novi
571 1169 608 1233 et
640 1167 755 1249 magni
786 1166 909 1249 aliquid
941 1170 1077 1250 poetam
1114 1168 1300 1252 suscipere,
1334 1168 1473 1252 dignum

292 1292 443 1358 omnium
465 1291 665 1359 attentione.
692 1290 903 1373 Quamquam
912 1292 1298 1375 autemhaecdigressio
1307 1294 1470 1377 longeest

292 1418 328 1482 et
338 1415 569 1482 Alexandrina
590 1414 771 1481 iactatione
783 1414 953 1482 decumae
963 1415 1155 1495 laborat,in
1168 1416 1303 1484 meliore
1312 1417 1468 1485 loooeam

291 1539 403 1623 posuit
439 1539 637 1623 Apollonius
668 1538 802 1605 Valerio
836 1533 1055 1625 (eoo-483),
1085 1541 1145 1622 qui
1176 1538 1213 1607 in
1246 1542 1470 1609 enumerando

290 1664 442 1747 catalogo
470 1662 684 1747 Apollonium
704 1678 845 1745 ¹quoque
873 1670 1012 1731 secutus
1045 1665 1116 1732 fere
1138 1664 1286 1733 eundem
1305 1665 1468 1733 sociorum

290 1805 470 1857 numerum
499 1787 620 1870 refert,
651 1787 820 1854 nonnullis
851 1788 987 1855 omissis
1020 1789 1163 1871 aliisque
1194 1788 1382 1868 adiunctis,
1411 1790 1467 1872 qui

290 1912 327 1977 in
346 1911 513 1994 Apollonii
531 1910 769 1993 Argonauticis
786 1911 930 1995 desunt,
951 1910 1131 1996 Clymene,
1150 1913 1467 1996 Deucalionalpni,

290 2034 449 2112 Nestore,
467 2035 669 2118 Philoctete,
690 2034 821 2118 Tydeo,
845 2051 987 2116 quorum
1009 2041 1079 2102 tres
1099 2040 1289 2117 postremos
1305 2036 1469 2118 insenuit,

274 2140 277 2145 ’
291 2162 330 2225 ut
338 2157 470 2225 Troiani
481 2158 558 2225 belli
569 2158 775 2225 mentionem
786 2157 912 2225 faceret
923 2156 970 2244 2).
990 2159 1205 2241 Apollonium
1215 2158 1469 2242 praeferendum

290 2298 366 2347 esse
388 2282 521 2349 Valerio
544 2298 751 2363 eoumque,
772 2283 861 2363 quod
881 2283 918 2351 in
940 2289 1139 2366 argumento
1160 2282 1466 2367 ipsosecontinens

290 2422 357 2472 non
391 2406 567 2473 scientiam
600 2406 770 2473 Homerici
802 2405 887 2488 cycli
920 2407 1114 2485 iactaverit,
1146 2407 1304 2477 mouendi
1332 2424 1470 2475 causam

290 2529 426 2613 saepius
446 2531 574 2597 habebo
593 2528 764 2616 (1-233).

334 2654 462 2721 Heroas
479 2671 602 2737 magno
620 2655 745 2721 civium
762 2670 904 2721 numero
920 2654 1055 2737 stipati,
1065 2659 1106 2722 ut
1115 2655 1243 2721 lucidae
1253 2655 1370 2721 stellae
1380 2655 1468 2721 inter

290 2780 411 2857 nubes,
435 2796 494 2863 per
512 2780 629 2846 urbem
648 2756 837 2845 ad‘navem
858 2778 927 2845 iam
949 2779 1217 2846 omnibusrebus
1227 2781 1383 2861 paratam
1393 2796 1468 2847 oon·

290 2905 438 2969 currunt.
451 2902 588 2980 Omnia,
601 2902 834 2986 quibusplebis
844 2902 949 2968 animi
960 2904 1267 2986 commovebantur,
1274 2902 1471 2969 admirato·

290 3043 370 3092 nem
389 3031 425 3092 et
447 3028 482 3093 in
502 3028 619 3093 heroes
637 3026 803 3109 favorem,
822 3026 864 3092 de
875 3026 1007 3092 itineris
1017 3024 1175 3109 periculis
1185 3026 1359 3108 timorem,
1370 3030 1470 3109 vota,

289 3166 420 3235 preces,
441 3150 701 3217 misericordiam
722 3149 969 3217 infelicissimae
991 3148 1110 3216 matris
1132 3152 1229 3231 grata
1249 3149 1395 3216 veritate
1414 3148 1472 3215 de·

290 3273 425 3358 scripsit
435 3274 640 3357 Apollonius.
651 3274 702 3340 Ut
713 3273 1020 3340 summoinmonte
1030 3272 1317 3355 rivuluseliquido
1324 3277 1469 3355 etparvo

288 3398 381 3467 fonte
408 3398 542 3481 prolluit
571 3402 608 3465 at
630 3398 758 3465 sensim
779 3396 1009 3479 paulatimque
1030 3398 1186 3463 crescunt
1209 3395 1320 3462 undae
1342 3398 1378 3461 et
1399 3394 1470 3461 late

268 3567 455 3579 ’κα-...ὴ

329 3637 359 3713 1)
378 3638 518 3717 Plerique,
537 3640 604 3697 sunt
631 3636 757 3712 Minyae,
784 3636 857 3711 quod
876 3636 954 3695 docet
973 3636 1199 3710 Argonaumum
1220 3634 1273 3693 iter
1291 3649 1347 3693 non
1366 3634 1472 3693 factum

287 3758 346 3803 esee
376 3762 394 3801 a
420 3745 501 3804 sociis
531 3745 652 3819 undique
672 3742 794 3803 collectis
813 3742 862 3802 eod
880 3758 941 3802 esse
960 3742 1095 3802 coloniam
1113 3744 1177 3817 post
1197 3740 1293 3801 civiles
1311 3741 1471 3812 discordias,

287 3851 318 3907 ut
337 3849 485 3909 verisimile
505 3867 565 3910 esee
584 3849 707 3922 videtur,
728 3866 745 3907 a
764 3848 867 3923 Minyis
887 3847 1039 3908 deductam.

328 3953 359 4029 2)
380 3954 531 4029 Coronam,
553 3957 688 4032 Clytium,
709 3956 838 4023 Areium,
859 3956 999 4030 Angeam,
1020 3954 1172 4025 Asterium,
1182 3944 1325 4013 Ancaeum
1335 3955 1470 4028 alterum,

287 4062 510 4144 Balacmcnium,
530 4063 654 4137 Iphitum
673 4062 790 4121 alterum
809 4061 937 4121 Valerius
956 4077 1011 4119 non
1030 4061 1198 4133 nominarit,
1218 4062 1251 4119 ut
1267 4042 1398 4118 numerus
1414 4076 1472 4119 non

286 4170 369 4244 plane
389 4170 548 4229 consentiat.

279 4290 282 4293 ·
326 4276 462 4337 Diodorus
481 4275 502 4334 4
523 4297 530 4333 :
550 4275 588 4334 41
611 4296 619 4333 z
640 4274 658 4333 2
678 4276 830 4335 Atalanten
849 4290 973 4349 quoque,
993 4274 1108 4334 Schoeni
1127 4273 1215 4333 filiam
1236 4272 1370 4331 nominat.
