3300 5067
821 491 865 556 92

244 703 311 754 non
343 686 443 754 aulici
466 683 500 769 1)
532 683 688 752 homines
720 685 793 752 sint
826 685 887 751 sed
916 685 1035 752 eadem
1063 686 1210 752 veritate
1232 687 1374 752 utantur
1396 687 1435 752 et

244 811 462 894 simplicitate
493 808 631 893 agendi,
665 825 734 892 qua
754 809 802 877 dii
824 809 1005 878 Homerici.
1039 809 1077 876 ln
1102 809 1206 893 epicis
1228 809 1435 876 carminibus

243 933 383 1015 optimis
410 933 458 1000 dii
477 933 561 1000 nihil
582 933 723 1000 humani
745 949 768 999 3
789 949 828 1000 30
851 933 1000 1000 alienum
1022 937 1187 1015 putantes
1209 934 1276 1015 113,
1300 934 1340 998 01
1361 932 1433 998 sint

245 1057 352 1123 altera
380 1056 555 1124 hominum
584 1056 707 1124 civitae
738 1071 799 1139 per
823 1057 937 1124 omnia
960 1055 1093 1124 saecula
1115 1059 1280 1126 lectorum
1301 1056 1435 1122 animos

245 1184 380 1262 captare
400 1184 584 1263 potuerunt
604 1179 760 1264 (excepto
781 1180 928 1246 fortasse
951 1179 1034 1248 libro
1056 1181 1145 1247 xxi
1166 1179 1303 1264 iliadis).

289 1303 344 1370 Ab
365 1303 457 1370 Hera
477 1303 618 1385 caligine
640 1302 725 1370 tecti
742 1302 842 1370 lason
861 1307 898 1368 et
916 1301 1012 1386 socii,
1032 1302 1149 1370 Phrixi
1166 1303 1241 1387 filii,
1260 1304 1296 1370 in
1313 1303 1431 1374 urbem

245 1430 282 1493 et
310 1427 438 1510 regiam
464 1427 604 1494 domurn
625 1427 714 1493 clam
735 1427 947 1509 perveniunt.
971 1427 1133 1511 Exceptis
1157 1428 1352 1507 222-225,
1373 1428 1431 1508 qui

244 1551 444 1619 miraculosa
466 1568 566 1634 opera
583 1551 721 1632 docent,
742 1550 922 1633 descriptio
939 1551 1075 1618 aedium
1094 1552 1234 1619 evidens
1252 1556 1308 1618 est
1326 1567 1433 1632 neque

243 1677 391 1742 ornatior
410 1693 513 1758 quam
535 1690 595 1758 pro
617 1678 747 1742 remoto
769 1678 931 1758 tempore.
954 1673 1072 1742 Medea
1094 1675 1211 1742 Phrixi
1233 1675 1319 1742 111103
1338 1675 1434 1742 visos

243 1801 332 1866 laeto
353 1799 499 1865 clamore
521 1798 659 1866 salutat.

288 1921 380 2003 Quae
402 1925 600 2006 sequuntur,
621 1922 795 1998 tumultus
815 1923 1014 2006 necopinato
1033 1923 1150 1989 Phrixi
1169 1922 1271 2006 prolis
1282 1923 1433 1989 adventu

243 2047 279 2111 in
311 2045 450 2112 aedibus
475 2046 604 2129 130103,
634 2045 794 2128 gaudium
825 2046 965 2130 matris,
994 2063 1098 2128 quam
1120 2048 1343 2130 panemosum
1366 2048 1435 2114 iter

243 2170 387 2236 tiliorum
408 2175 507 2238 nocte
528 2171 648 2253 dieque
671 2172 829 2252 vexarit,
852 2173 982 2239 curatio
1003 2189 1070 2254 qua
1094 2172 1204 2239 133303
1225 2172 1434 2255 reiecerunt,

245 2311 348 2360 coena
373 2295 522 2377 paranda
549 2301 623 2363 tam
651 2296 821 2378 praeclare
851 2297 1018 2379 descripta
1048 2299 1129 2362 sunt
1151 2302 1193 2362 ut
1213 2295 1298 2380 ipsis
1320 2295 1435 2362 vernis

245 2417 422 2484 253-275
450 2419 622 2486 laudarem
651 2420 718 2485 nisi
746 2435 827 2487 mox
855 2420 922 2486 3113
944 2421 1076 2503 copiose
1098 2420 1284 2487 enarranda
1305 2423 1433 2486 essent.

243 2540 342 2608 Nunc
362 2542 482 2610 Amori
503 2545 632 2610 occasio
653 2544 773 2610 idonea
793 2547 849 2610 est
869 2550 909 2611 ut
921 2545 1023 2612 matri
1035 2547 1203 2628 promissa
1213 2545 1334 2612 solvat.
1358 2543 1436 2611 Hoc

245 2681 376 2747 quoque
398 2666 469 2732 loco
490 2667 669 2750 parvulum
693 2667 814 2752 deum,
838 2669 1035 2751 plerumque
1057 2670 1183 2736 lascivo
1201 2685 1305 2752 puero
1324 2666 1434 2735 simil-

243 2788 380 2869 limum,
403 2791 583 2858 dexterum
605 2793 643 2858 et
663 2792 785 2873 agilem
809 2791 1051 2874 cognoscimus.
1076 2792 1199 2860 callide
1223 2795 1433 2876 subpostem

243 2913 280 2978 in
309 2915 476 2982 vestibulo
503 2932 620 2982 arcum
647 2915 829 2984 intendens
861 2933 881 2983 3
915 2918 1072 3000 pharetra
1095 2910 1259 3000 sagittam
1281 2918 1433 2984 nondum

245 3036 407 3103 emissam
425 3039 608 3121 depromit,
628 3057 731 3122 quam
748 3041 851 3107 limen
871 3041 958 3108 clem
978 3045 1212 3124 transgressus
1231 3045 1294 3110 suh
1312 3042 1432 3112 Iasone

244 3163 318 3244 ipso
341 3162 558 3240 convolutus,
590 3164 725 3231 inmisit
746 3164 901 3232 Medeae:
932 3164 986 3237 010
1008 3162 1188 3246 10μο301,
1212 3162 1297 3240 edile
1319 3161 1432 3242 1ομ01.

243 3289 352 3355 Amor
378 3285 451 3354 3103
479 3292 516 3354 01
537 3288 750 3370 sagittarius,
773 3289 833 3370 qui
855 3305 910 3356 cor
932 3290 1149 3356 vulneratum
1172 3307 1286 3357 amore
1308 3289 1429 3372 3111011,

243 3411 492 3478 Alexandrinae
513 3413 600 3480 artis
622 3414 772 3496 poeticae
791 3415 944 3498 proprius
962 3417 1034 3491 est,
1055 3419 1095 3480 ut
1115 3431 1215 3498 saepe
1234 3415 1269 3480 in
1288 3414 1433 3498 pseudo-

223 3567 438 3582 ———-—··

283 3647 315 3728 1)
333 3651 438 3710 iliram
467 3651 555 3711 Cenat
584 3650 654 3712 306.
683 3653 761 3712 111103
780 3654 834 3726 (103
853 3651 983 3730 Demeas)
1003 3653 1081 3712 n'ont
1101 3669 1152 3727 pas
1172 3650 1218 3712 etri
1237 3650 1344 3713 0130όο3
1362 3652 1437 3712 dane

241 3755 379 3831 l'Olympe
398 3757 446 3816 dee
465 3759 598 3834 premiere
616 3762 722 3834 tempe,
742 3759 814 3818 mais
833 3758 852 3817 d
871 3759 900 3818 13
920 3775 1001 3818 cours
1020 3759 1087 3818 d'un
1106 3759 1258 3818 Ptolemde.

281 3863 383 3923 Melius
402 3869 445 3925 est
463 3883 526 3924 raro
545 3867 673 3926 inducere
693 3867 758 3926 (1003
777 3883 861 3940 quam
882 3866 973 3938 (deum¹
984 3867 1181 3925 vaticinantem
1201 3883 1307 3926 amores
1324 3865 1436 3926 Cleobis

241 3970 272 4028 in
302 3970 433 4046 pudicum
458 3973 616 4041 lintheum,
643 3973 716 4047 quod
736 3973 804 4032 fecit
823 3973 981 4032 Alexander
1000 3972 1131 4032 Aetolus:
1152 3990 1223 4046 quae
1242 3973 1333 4047 poesis
1352 3991 1435 4048 prae·

241 4081 317 4136 terea
346 4078 426 4137 docta
453 4082 483 4138 et
502 4080 610 4139 minuta
636 4081 667 4139 in
686 4080 781 4155 parvis
800 4081 883 4140 rebus
903 4082 931 4140 01
951 4079 1076 4154 quaesita
1096 4079 1194 4138 iisdem
1214 4080 1290 4139 vitiis
1310 4080 1433 4153 laborat,

241 4189 353 4260 propter
379 4203 452 4260 quae
482 4188 573 4261 poesie
600 4186 790 4247 Alexandrina
809 4187 925 4247 infamia
945 4203 1057 4260 aspersa
1077 4190 1120 4246 031
1157 4187 1243 4248 Cenat
1265 4187 1434 4248 105—110.

241 4292 363 4368 linhaffy
382 4310 446 4368 pag.
467 4292 535 4352 243.
