3300 5067
903 443 946 511 28

331 640 432 705 robus
455 638 611 705 secundis
632 638 689 705 diu
711 655 794 707 usae
819 656 909 707 nuno
930 640 1109 708 imminere
1131 639 1260 705 iatum:
1280 639 1527 722 auspiciisase

332 763 405 843 ipso
423 761 537 829 missis
554 777 680 829 navem
697 778 773 829 esse
796 763 982 847 proiectam
999 780 1109 846 neque
1120 780 1159 831 se
1170 763 1353 845 quidquam
1366 766 1527 830 mutatu·

333 897 410 951 rum
428 900 505 951 esse
522 900 585 951 nec
604 885 718 951 minus
736 885 917 953 Troianum
936 889 980 954 ob
997 885 1165 955 Helenam
1175 889 1310 969 raptsm
1320 892 1526 969 coepturum

333 1009 467 1075 bellum.
497 1007 541 1075 So
570 1008 684 1075 iubere
707 1009 881 1077 Bellonam
902 1016 1100 1083 contentam
1122 1011 1309 1093 essequod
1329 1028 1391 1094 per
1412 1011 1528 1080 undas

333 1137 370 1200 et
391 1148 450 1217 per
470 1133 617 1200 hiemem
638 1134 695 1201 via
716 1134 747 1201 ei
770 1134 904 1203 munita
926 1137 1029 1206 esset
1051 1134 1150 1203 11116
1171 1139 1289 1203 autern
1307 1150 1346 1201 se
1363 1132 1527 1202 Danaum

333 1261 470 1339 gentem
491 1261 527 1324 et
548 1274 630 1325 mox
651 1259 734 1325 alias
756 1259 861 1341 gloria
881 1263 919 1326 61
935 1259 1138 1334 auctoritate
1157 1259 1370 1327 sublaturum
1388 1276 1525 1343 exspeo

333 1385 406 1447 tare
438 1381 544 1465 velle,
571 1380 629 1463 qui
659 1380 802 1465 populus
825 1387 993 1454 terrarum
1014 1384 1156 1467 imperio
1177 1382 1300 1465 dignus
1321 1383 1424 1453 foret.

378 1504 554 1571 Potestate
587 1520 650 1570 sua
682 1508 719 1571 et
748 1505 939 1587 petulantia
960 1507 1072 1574 elatus
1093 1506 1265 1591 iuppiter,
1284 1507 1381 1589 quasi
1404 1523 1528 1574 omnes

332 1628 466 1711 Olympi
487 1628 611 1694 incolas
632 1628 816 1709 lacessens,
838 1647 882 1697 ne
903 1631 975 1697 fato
996 1635 1034 1697 61
1054 1630 1118 1697 sibi
1140 1631 1321 1713 resistant,
1339 1631 1524 1699 Herculem

334 1755 370 1819 et
407 1750 631 1835 Tyndaridae,
673 1768 753 1820 suos
783 1755 820 1820 et
853 1752 963 1821 ledae
998 1753 1085 1821 lilios
1117 1755 1222 1837 digito
1253 1756 1382 1822 indicat
1414 1757 1528 1837 iisque

335 1881 460 1947 multos
501 1877 630 1945 labores
671 1878 879 1944 1116116116
921 1879 1048 1945 lumine
1081 1878 1243 1946 fulmineo
1277 1877 1457 1945 Castorem
1490 1882 1524 1943 et

335 2004 504 2071 Pollucem
542 2001 575 2090 1)
607 2004 759 2070 honorat
789 2001 938 2087 Quare,
961 2007 1003 2069 ut
1023 2002 1179 2085 plurimis
1200 2004 1299 2083 leole,
1321 2002 1435 2070 Iasoni
1459 2018 1525 2068 non

335 2129 460 2209 1161111
481 2128 626 2211 Valerii,
649 2126 733 2193 alios
754 2127 786 2193 61
807 2126 1063 2208 anteponentis,
1087 2125 1257 2207 expositio
1275 2123 1495 2212 (ber-573).

380 2251 559 2335 Olympum
578 2254 614 2319 in
637 2251 763 2319 Valerii
786 2253 881 2334 epico
903 2253 1052 2318 carmine
1074 2251 1176 2317 aliam
1196 2250 1345 2331 speciem
1366 2252 1526 2332 praebere

336 2392 438 2458 quam
483 2378 691 2460 temporibus
729 2375 921 2443 Homericis
952 2374 1168 2457 perspicuum
1201 2378 1267 2440 est
1302 2374 1353 2441 Ut
1385 2373 1526 2441 Graecis

336 2501 491 2569 libertate
523 2501 713 2567 fruentibus
745 2516 807 2566 166
838 2498 906 2564 ullo
936 2500 1088 2579 tempore
1122 2498 1192 2579 regi
1214 2499 1444 2566 servientibus
1466 2495 1523 2563 sed

335 2626 436 2691 libere
458 2626 547 2710 apud
569 2643 649 2692 eum
664 2624 880 2706 loquentibus
898 2622 1064 2704 Olympus
1075 2620 1243 2703 παρρησίας
1251 2626 1324 2689 tam
1335 2623 1523 2689 celebratae

337 2752 410 2815 erat
443 2750 571 2833 imago,
606 2750 655 2816 sic
689 2750 751 2814 hoc
786 2747 925 2813 deorum
966 2746 1142 2813 consilium
1176 2745 1330 2813 Caesaris
1358 2747 1524 2813 satellites

338 2873 509 2941 humiliter
541 2879 578 2941 et
611 2872 760 2956 supplice
795 2887 879 2937 voce
911 2871 1118 2937 sententiam
1152 2871 1304 2937 dicentes
1338 2877 1400 2967 aut
1436 2883 1523 2939 vene

338 2995 504 3063 libertatis
550 2999 659 3080 specie
691 2998 832 3063 utentes
865 2999 902 3061 et
934 2995 1118 3076 principem
1152 2995 1265 3078 ipsum
1306 2996 1524 3063 nihilominus

338 3122 545 3203 propositum
568 3138 669 3189 suum
687 3123 891 3202 arguentem
912 3118 949 3185 in
973 3120 1172 3186 memoriam
1194 3122 1343 3188 revocat.
1417 3165 1420 3171 ·

383 3244 449 3310 Sed
477 3246 650 3311 videamus
684 3246 763 3327 quid
792 3244 835 3310 de
865 3244 1063 3310 interventu
1086 3244 1224 3318 deorum
1247 3260 1430 3326 eorumque
1451 3257 1523 3309 sen·

338 3370 457 3437 tentiis
490 3370 693 3437 censendum
721 3370 776 3436 sit.
809 3368 961 3434 Pessime
984 3367 1065 3433 fecit
1086 3366 1261 3443 Valerius,
1285 3368 1373 3449 quod
1395 3366 1521 3446 Solem,

338 3496 395 3577 qui
428 3495 519 3561 solus
551 3493 758 3575 Argonautis
791 3491 940 3573 graviter
969 3491 1075 3558 obniti
1104 3495 1263 3576 conatur,
1292 3495 1373 3556 ante
1407 3504 1523 3558 omnes

338 3618 473 3684 induxit
501 3618 670 3683 dicentem
699 3633 758 3699 pro
790 3615 877 3698 lilio,
913 3614 1073 3698 Scythiae
1107 3630 1203 3698 rege,
1234 3615 1320 3695 quod
1340 3619 1521 3685 vereretur,

340 3758 383 3807 16
411 3742 546 3824 Minyae
582 3741 690 3807 vellus
723 3756 864 3806 aureum
897 3739 929 3804 ei
962 3738 1140 3822 eriperent.
1174 3738 1229 3805 Sol
1262 3755 1371 3821 neque
1392 3733 1521 3823 impen‘i

338 3867 391 3932 sui
422 3866 529 3949 ipsius
569 3882 708 3933 oausam
739 3863 853 3929 dicens
884 3879 994 3944 neque
1016 3862 1134 3930 mundi
1164 3866 1200 3928 et
1223 3879 1336 3929 rerum
1358 3864 1520 3929 rationem

340 3992 467 4057 habens
507 3990 663 4073 indignus
699 3991 771 4071 est,
807 3988 865 4069 qui
899 3986 935 4052 in
970 3986 1124 4052 contione
1158 3986 1296 4052 deorum
1318 3982 1523 4067 Argonautis

344 4256 358 4305 ,·
380 4237 410 4312 1)
431 4235 564 4297 111161.
585 4236 605 4295 4
626 4257 634 4294 r
655 4234 693 4295 32
716 4257 723 4293 ε
744 4234 763 4295 2
785 4236 838 4309 (st.
859 4234 1032 4306 Elmsvuur).
