3300 5067
689 496 730 561 61

117 694 248 774 verbis,
291 708 377 775 quae
418 691 461 756 ad
495 692 636 757 aliorum
670 689 941 773 philosophorum
972 688 1096 771 placita
1128 690 1301 771 spectant,

118 834 223 885 usum
257 818 395 883 tantum
423 816 615 899 natavisse,
638 832 704 896 quo
729 814 826 881 modo
849 814 965 880 Manes
988 828 1160 879 oaesorum
1182 811 1303 893 placati

117 941 191 1007 sint
213 937 416 1022 (leo-458)
436 937 674 1004 contenderim.

164 1062 362 1147 Apollonius
380 1063 494 1128 narrat
513 1060 651 1128 funereo
669 1062 792 1130 honore
805 1062 876 1144 regi
888 1062 1002 1128 habito
1011 1062 1226 1143 Argonautas
1237 1078 1304 1128 non

117 1188 219 1271 segni
238 1188 332 1254 luctu
350 1186 476 1269 aliquot
493 1186 565 1253 dies
584 1186 711 1255 trustra
729 1187 765 1253 in
776 1186 875 1253 litore
886 1186 1037 1253 haesisse
1048 1185 1239 1269 sedventos
1250 1185 1303 1251 ad·

119 1328 239 1378 versos
272 1310 513 1394 impedimento
547 1309 669 1394 fuisse,
708 1310 889 1392 quominus
911 1309 1208 1390 proficiscerentur.
1233 1308 1305 1390 Qua

118 1434 340 1503 frustratione
363 1432 521 1515 deceptos
543 1435 579 1498 et
597 1449 714 1513 sopore
740 1433 878 1500 obrutos
899 1433 1114 1514 Argonautas
1133 1436 1305 1515 postrema

120 1559 233 1626 noctis
254 1557 369 1639 vigilia
390 1558 573 1623 tuebantur
592 1556 741 1621 Acastus
759 1558 795 1621 et
807 1554 955 1639 Mopsus.
969 1556 1053 1622 lione
1064 1556 1201 1639 Mopsus
1211 1556 1306 1622 videt

120 1684 333 1763 alcedonem,
357 1681 460 1745 finem
483 1684 664 1746 ventorum
684 1679 828 1746 stridula
839 1696 921 1746 voce
933 1681 1306 1763 vaticinantem,super

108 1802 253 1874 ‘Iasonis
274 1807 378 1885 caput
399 1803 531 1880 volare,
556 1820 642 1885 quae
665 1819 787 1870 aversa
809 1821 831 1869 a
853 1803 933 1881 dea,
946 1820 1046 1887 super
1055 1805 1154 1871 navis
1164 1805 1304 1887 aplustri

121 1930 275 1998 considit
289 1928 375 1996 Cum
385 1928 504 1996 Iasone
517 1929 637 1995 statim
649 1928 887 2010 expergefacto
897 1944 970 1994 rem
981 1911 1306 1996 communicateum·

122 2072 190 2138 que
211 2055 410 2121 adhortatus
428 2057 499 2133 est,
518 2057 559 2119 ut
569 2051 736 2135 templum
747 2051 782 2117 in
796 2050 966 2133 Dindymo
976 2052 1187 2133 prominente
1199 2054 1306 2121 situm

122 2181 298 2262 ingressus
329 2178 468 2245 deorum
500 2176 644 2243 Matrem
677 2176 843 2257 placaret:
877 2180 1069 2242 cessaturas
1102 2177 1191 2243 enim
1225 2195 1306 2244 mox

124 2320 202 2370 asse
220 2301 389 2385 procellas.
412 2300 620 2367 Retinaculis
631 2299 751 2367 deiude
762 2303 897 2383 postero
908 2314 1008 2365 mane
1019 2301 1139 2368 solutis
1149 2317 1193 2366 ex
1203 2302 1307 2369 Hiera

122 2427 226 2493 Petra
243 2426 278 2491 in
298 2425 476 2491 Thracium
487 2427 623 2506 portum
633 2423 801 2505 remigant
814 2427 851 2489 et
863 2429 979 2491 monte
989 2424 1156 2491 altissimo
1167 2440 1307 2491 escenso

123 2550 397 2631 circumspiciunt
418 2546 590 2629 regionem
601 2546 857 2631 (ma-1117).
880 2548 1094 2632 Apollonium
1113 2550 1228 2616 autin
1246 2550 1307 2617 hoc

94 2768 99 2773 .
122 2677 242 2741 monte
265 2675 338 2757 ipso
361 2672 517 2755 gavisum
536 2688 610 2737 esse
634 2673 695 2739 hcc
713 2674 790 2739 visu
808 2677 870 2740 aut
888 2672 1008 2740 ahoubi
1024 2675 1059 2741 in
1079 2692 1213 2742 summo
1231 2675 1307 2756 iugo

124 2795 331 2867 amoenitate
352 2801 493 2863 naturae
515 2792 687 2878 stupuisse
710 2802 859 2880 apparet„
883 2802 920 2864 et
941 2797 1034 2865 doleo
1056 2798 1143 2879 quod
1164 2798 1201 2865 F.
1214 2799 1308 2865 Hoil-

125 2938 232 2989 mann
244 2920 287 3005 1),
300 2921 357 2987 ubi
368 2920 578 2987 demonstrat
588 2924 724 2987 veteres
734 2925 852 3003 poetas
862 2923 1009 2989 locorum
1019 2923 1260 2990 amoenitatem
1271 2926 1308 2989 et

125 3046 275 3113 sensisse
296 3047 332 3111 et
355 3060 514 3127 persaepe
537 3062 660 3127 magna
683 3048 865 3113 venustate
884 3064 967 3115 sano
986 3047 1309 3130 suomododescrip

125 3171 230 3247 sisse,
261 3170 322 3234 hos
345 3168 509 3253 Apollonii
527 3168 766 3251 pulcherrimos
789 3186 911 3236 versus
932 3188 1000 3237 non
1022 3172 1306 3238 commemoravit

126 3295 299 3361 'lrrmoum
317 3293 399 3359 vitis
418 3292 523 3359 solido
542 3293 711 3371 excisum,
730 3296 770 3359 ut
787 3297 880 3359 esset
890 3311 1025 3360 sacrum
1035 3294 1118 3360 deae
1128 3298 1308 3360 montanae

128 3417 358 3498 simulacrum,
379 3416 561 3484 elaboravit
583 3416 697 3499 Argus
719 3417 819 3498 idque
831 3417 966 3501 siguum
977 3418 1064 3501 fagis
1074 3419 1309 3486 obumbratum

127 3541 274 3609 summis
304 3542 473 3606 statuunt.
501 3540 573 3605 Ara
607 3556 626 3605 e
649 3540 764 3621 parvis
787 3540 950 3624 lapidibus
971 3544 1140 3624 congestis
1161 3547 1308 3626 structa,

124 3665 267 3733 deorum
296 3663 451 3744 Matrem,
476 3663 571 3729 cuius
593 3661 744 3729 divinam
767 3667 976 3746 potestatem
998 3665 1178 3747 grandibus
1199 3667 1311 3733 verbis

128 3788 279 3871 depingit
312 3788 509 3870 Apollonius
544 3787 811 3874 (1098-1102),
847 3793 883 3854 et
917 3789 1026 3855 Titian
1060 3789 1311 3873 cylleniumque

130 3916 327 3981 invocantes
345 3916 381 3978 et
399 3913 535 3995 precati,
560 3916 600 3979 ut
621 3914 749 3979 ventus
771 3911 935 3978 adversus
957 3914 1085 3995 cesset,
1098 3912 1311 3981 saltationem

112 4054 324 4068 ψ

170 4099 200 4172 1)
227 4099 390 4171 Sammlung
414 4096 737 4170 gemeinverstdndllcher
756 4095 1032 4155 wissenschanliohor
1050 4097 1184 4172 Vortrige
1203 4100 1315 4159 hornus-

129 4198 251 4271 gegeben
279 4212 333 4255 rou
362 4194 433 4255 Rud'.
464 4194 604 4253 Virschow
638 4193 696 4254 und
726 4193 774 4252 Fr.
804 4210 860 4251 ron
885 4193 1081 4253 Holtuondorli.
1101 4196 1171 4256 Heft
1190 4197 1238 4258 69.
1252 4199 1315 4257 Der

130 4294 198 4353 Sinn
216 4294 262 4351 fiir
280 4290 548 4351 Naturschdnheiten
569 4291 599 4350 iu
619 4291 690 4349 alter
709 4289 766 4349 und
787 4306 873 4349 neuer
889 4290 956 4349 zeii.
