3300 5067
857 440 900 505 70

283 633 426 714 questus
452 650 588 700 omnem
609 633 737 718 prolem
760 635 862 702 morti
884 636 1101 702 succumbere
1124 634 1195 702 tato
1216 633 1375 700 resistere
1397 648 1464 698 non

285 756 388 822 audet
409 754 451 823 cl.
477 757 540 823 128
563 774 633 842 seq.

394 944 497 1023 atuue
518 942 591 1011 ideo
613 960 723 1026 neque
745 961 808 1026 ego
830 946 916 1011 hanc
940 943 1081 1011 tumidis
1103 945 1258 1010 avertere
1281 942 1411 1018 ventis,

395 1069 561 1150 temptavi
583 1069 723 1137 tenuive
744 1072 870 1145 ratem,
893 1085 955 1136 nec
977 1067 1047 1135 iam
1069 1085 1163 1134 mora
1186 1067 1287 1134 morti
1449 1057 1454 1066 '

394 1190 472 1256 hinc
494 1191 560 1258 erit
580 1191 649 1258 nlla
669 1195 762 1259 tuae.

328 1375 378 1444 Ut
399 1377 491 1444 cives
513 1377 704 1445 libertatem
726 1380 767 1443 et
783 1357 1025 1459 rempublicam
1036 1376 1286 1451 desiderabant,
1307 1374 1416 1456 poesis
1427 1373 1462 1439 et

284 1502 409 1585 scripta
429 1502 538 1570 dolore
561 1506 598 1570 et
620 1503 760 1570 tristitia
783 1501 838 1585 (cl.
861 1519 961 1586 opera
980 1502 1149 1570 Iuvenalis
1168 1505 1204 1569 et
1224 1500 1345 1584 Taciti)
1368 1500 1464 1584 plena

284 1627 383 1710 sunt,
412 1627 461 1693 sic
487 1627 522 1692 in
545 1626 687 1712 Olympo
709 1626 761 1693 dei
783 1627 854 1694 fato
876 1632 912 1694 et
935 1626 1024 1694 Iovis
1045 1626 1186 1710 imperio
1209 1625 1352 1692 subiecti
1374 1622 1464 1691 omni

283 1751 426 1833 pristina
447 1749 623 1818 alacritate
645 1757 682 1819 et
702 1751 807 1818 animi
830 1752 944 1834 vigore
965 1756 1091 1818 carent.

328 1873 479 1955 Uterque
508 1876 608 1956 poeta
636 1876 721 1941 bene
750 1873 896 1959 luctam,
925 1892 991 1957 quo
1013 1875 1167 1957 Amycus
1192 1873 1341 1940 Castoris
1362 1887 1465 1938 manu

283 1996 421 2081 cecidit,
455 1998 633 2080 descripsit
664 2002 803 2066 tantum
835 1999 976 2066 veriatis
1004 1997 1308 2081 comparationibus
1335 1994 1377 2062 cf.
1400 1995 1462 2075 Ap.

286 2120 417 2186 70—74
458 2126 495 2188 et
534 2120 609 2188 Val.
650 2122 838 2190 268-271.
892 2122 1088 2189 Theocritus
1127 2125 1244 2188 autem
1277 2121 1347 2186 iam
1380 2120 1463 2184 hanc
1601 2163 1602 2218 p

284 2262 433 2327 pugnam
466 2247 501 2312 in
531 2245 646 2329 idyllio
675 2246 718 2313 ed
748 2246 927 2314 Dioscuros
956 2247 1189 2330 descripserat.
1223 2244 1349 2327 Digna,
1380 2257 1462 2326 quae

283 2369 443 2451 inspicias
476 2376 559 2438 sunt
590 2370 757 2454 Apollonii
790 2372 923 2438 38—44
957 2376 994 2438 et
1024 2343 1165 2438 70-89.
1199 2369 1332 2452 Amyco
1359 2366 1463 2433 occiso

283 2495 409 2562 incolae
439 2512 517 2562 cum
547 2495 755 2579 Argonautis
779 2495 941 2578 proelium
963 2493 1201 2577 committunt,
1224 2510 1290 2575 quo
1313 2492 1396 2558 victi
1417 2491 1463 2556 iu·

283 2619 437 2686 cursione
469 2619 765 2702 Mariandynorum
798 2618 988 2684 maximum
1020 2618 1264 2686 detrimentum
1287 2591 1463 2699 accipiunt.

284 2743 377 2810 Haec
410 2759 542 2825 quoque
571 2742 733 2825 digressio
754 2744 888 2824 spectat
911 2741 953 2808 ad
976 2741 1096 2809 efferos
1118 2742 1155 2808 et
1177 2741 1333 2808 barbaros
1356 2755 1464 2806 mores

285 2867 486 2949 incolarum,
515 2868 573 2949 qui
601 2866 748 2933 Pontum
771 2865 943 2933 Euxinum
965 2865 1202 2948 inhospitalem
1224 2837 1360 2930 reddere
1384 2861 1465 2929 sole·

285 2991 385 3073 bant,
419 2991 460 3056 ci.
494 2975 640 3058 fabulam
674 2991 715 3056 de
748 2990 856 3056 Diana
884 2991 1033 3056 Taurica.
1074 2973 1301 3056 verisimilius
1335 3002 1464 3069 quoque

285 3113 412 3180 incolas
434 3114 575 3192 feroces,
593 3114 836 3198 quinquaginta
854 3115 1071 3196 Argonautas
1089 3129 1266 3196 aggressos
1277 3128 1353 3178 esse
1365 3128 1464 3194 quam
1602 3191 1603 3194 Ἴ

284 3238 366 3321 fuga
394 3254 529 3320 sparsos
551 3254 637 3304 esse.
667 3237 823 3305 Valerius
844 3243 961 3306 autern
984 3238 1118 3304 induxit
1140 3236 1348 3320 Dymantem
1368 3253 1466 3318 quen·

285 3363 381 3446 dam,
415 3361 511 3428 cuius
541 3361 688 3427 amicum
718 3360 858 3428 Otreum
889 3377 949 3426 rex
978 3361 1162 3445 interiecit,
1186 3361 1270 3428 miro
1293 3359 1392 3427 modo
1414 3358 1464 3445 (cl.

287 3487 464 3552 151-153
486 3489 523 3553 et
547 3483 624 3568 168)
647 3489 839 3570 servatum,
863 3486 920 3566 qui
941 3485 1039 3567 longo
1062 3501 1216 3552 sermone
1234 3484 1384 3550 advenas
1396 3501 1466 3550 cru·

286 3609 376 3676 deles
404 3611 528 3694 Amyci
558 3627 670 3678 mores
699 3613 780 3677 ante
802 3611 929 3694 Amyci
951 3615 987 3677 et
1009 3610 1159 3679 Castoris
1180 3625 1330 3692 pugnam
1352 3608 1464 3689 docet,

286 3748 351 3814 quo
384 3733 513 3802 factum
548 3739 603 3802 est
636 3739 676 3802 ut
708 3734 881 3812 Valerius,
915 3735 973 3818 qui
1001 3734 1165 3820 proelium
1194 3734 1466 3816 Argonautarum

286 3858 323 3920 et
352 3855 541 3938 Bebrycum
571 3857 700 3942 omisit,
736 3859 801 3924 254
824 3876 945 3925 versus
967 3857 1216 3941 consumpserit
1238 3857 1281 3923 ad
1303 3856 1467 3939 Apollonii

286 3982 525 4060 argumentum
554 3980 791 4068 (2:1-163)
821 3983 1056 4049 enarrandum
1090 3965 1183 4063 Quae
1217 3985 1406 4063 sequuntur
1434 3980 1466 4046 in

307 4233 338 4316 1)
359 4236 400 4296 cf.
420 4252 529 4318 quoque
548 4236 640 4314 Apoll.
660 4237 792 4301 Bibliotu
814 4238 831 4299 1
853 4259 861 4298 :
882 4237 901 4298 9
922 4259 930 4298 :
951 4237 990 4297 20
1011 4258 1018 4296 ε
1040 4235 1066 4298 2
