3300 5067
707 515 751 603 aa

137 712 328 803 fluctusque
365 710 408 803 ad
437 710 547 777 sidera
579 709 676 777 tollit
711 708 943 793 ornabuntur
977 710 1073 776 remi.
1107 708 1198 776 Bene
1230 709 1322 775 enim

132 834 235 927 iecit:
259 851 339 901 nam
362 834 498 901 etiamsi
523 849 590 900 non
612 832 726 902 omnia
747 833 839 901 iacta
860 833 993 917 singula
1004 836 1124 915 poetae
1135 834 1320 900 enarranda

138 962 239 1042 sunt,
263 975 330 1025 non
352 958 502 1041 neglexit
523 957 692 1041 Vergilius
714 974 770 1024 res
792 956 987 1041 graussmi
1006 957 1171 1025 momenti
1178 956 1323 1024 indicare

137 1098 183 1147 ne
205 1099 293 1171 vaga
315 1087 351 1151 et
373 1084 505 1169 incerte
525 1082 573 1149 sit
594 1082 783 1165 descriptio.
817 1080 988 1147 Lucienus
1013 1078 1046 1167 1)
1069 1080 1205 1149 satirico
1226 1081 1324 1149 modo

139 1222 202 1272 suo
225 1210 341 1275 narrat
364 1206 469 1273 fuisse
491 1204 709 1288 historicum,
742 1206 800 1287 qui
823 1205 1044 1272 affirmaverit
1066 1223 1104 1272 se
1127 1205 1200 1272 suis
1221 1206 1325 1272 oculis

137 1329 265 1397 vidisse
284 1330 444 1397 dracones
462 1329 652 1415 (audiverat
670 1330 761 1397 enim
771 1330 917 1411 insignia
928 1331 1010 1407 haec
1021 1328 1180 1397 militaria
1192 1331 1324 1397 vexillis

136 1452 302 1521 adstricta
324 1470 398 1521 esse
421 1470 530 1537 neque
552 1453 776 1532 intellexerat,
799 1452 881 1535 quid
903 1452 1158 1535 significaretur)
1179 1454 1323 1522 vivosin

139 1576 257 1643 hostes
285 1579 453 1647 coniectos
480 1594 601 1661 magno
623 1582 757 1645 terrore·
773 1579 980 1659 percussisse
1002 1578 1146 1658 milites,
1169 1596 1247 1645 cum
1268 1580 1324 1646 ille

139 1700 227 1767 alter
251 1701 461 1786 Thucydides
483 1719 633 1785 pugnam
656 1718 699 1768 ne
721 1700 849 1784 pictam
871 1702 1008 1783 quidem
1030 1702 1162 1769 viderit.
1200 1701 1324 1773 Dubito

139 1840 184 1891 an
203 1827 320 1892 noster
339 1843 426 1893 nave
447 1843 513 1893 non
524 1828 646 1893 vectus
656 1824 721 1891 sitl
745 1823 865 1892 Confer
879 1842 1011 1909 quoque
1021 1826 1063 1893 de
1073 1826 1189 1908 inepta
1199 1826 1323 1894 Valerii

140 1950 401 2031 exaggeratione
411 1948 513 2033 Verg.
525 1950 612 2016 Aen.
628 1948 875 2016 1:1210t122:
891 1949 1324 2036 „laxislaterumcompagi

140 2072 204 2138 bus
222 2089 342 2141 omnes
364 2074 533 2157 accipiunt
554 2074 726 2163 inimicum
749 2072 893 2140 imbrem
912 2073 1073 2155 rimisque
1091 2071 1276 2140 fatiscunt'
1288 2077 1324 2142 et

140 2193 332 2263 Valllacc.
345 2198 420 2280 637,
432 2198 498 2264 638
514 2214 610 2281 „curn
620 2197 773 2279 protinus
784 2196 882 2263 mnus
892 2196 1036 2262 solvitur
1046 2200 1083 2263 et
1093 2202 1193 2265 vasto
1204 2199 1326 2283 puppis

139 2335 235 2386 mare
269 2323 382 2390 sorbet
414 2320 543 2389 hiatu.”
578 2320 688 2387 Tanta
709 2320 877 2386 undarum
899 2324 936 2387 et
958 2321 1119 2405 procellae
1141 2322 1178 2389 vi
1198 2322 1323 2392 fractos

140 2448 266 2511 nautas
278 2446 413 2512 audacis
423 2444 549 2527 incepti
560 2442 713 2526 poenitet
724 2444 760 2509 et
773 2439 864 2527 (vide
877 2442 1001 2534 miram
1011 2448 1130 2527 poetae
1142 2446 1323 2530 fictionem,

140 2583 222 2633 curn
244 2566 377 2653 Minyae
399 2585 501 2652 prope
525 2568 607 2636 litus
629 2571 665 2633 et
683 2582 777 2633 mare
795 2567 1005 2644 habitarent,
1027 2585 1114 2649 quae
1131 2570 1174 2636 iis
1192 2587 1326 2652 semper

140 2693 223 2759 ante
257 2693 370 2761 oculos
403 2688 640 2777 versabantur)
677 2706 768 2774 „non
802 2690 949 2757 hiemem
984 2693 1171 2775 missosque
1203 2697 1327 2776 putant

140 2830 342 2909 consurgere
365 2820 487 2884 ventos
508 2816 633 2899 ignari,
657 2815 717 2881 sed
739 2814 808 2881 tale
830 2814 966 2882 fretum.
985 2814 1019 2901 2)
1043 2816 1130 2884 Tum
1153 2833 1325 2883 murmure

141 2941 291 3005 maesto:
323 2938 385 3007 hoc
408 2949 498 3023 erat,
521 2938 667 3007 inlicitas
690 2943 856 3006 temerare
878 2939 1076 3007 rudentibus
1097 2941 1216 3017 undas,
1238 2940 1325 3022 quod

141 3062 249 3129 nostri
271 3062 417 3130 timuere
440 3062 583 3146 patres’'
608 3062 796 3131 eat-628.
819 3062 935 3129 Talem
957 3064 1182 3146 ignorantiam
1203 3067 1240 3130 et
1261 3065 1324 3131 im-

141 3184 300 3277 peritiam
319 3186 438 3255 heroes
457 3187 519 3254 soli
529 3188 697 3270 attingere
709 3189 870 3269 possunt:
881 3187 981 3254 homo
992 3187 1064 3269 ipse
1076 3187 1186 3253 minor
1195 3188 1325 3272 minora

141 3311 269 3389 captat
292 3307 424 3390 inquot
435 3311 471 3375 et
482 3311 626 3391 quantos
637 3326 764 3377 errores
775 3310 952 3377 abducitur
963 3314 1081 3394 poeta,
1094 3309 1181 3391 quod
1192 3310 1325 3402 menda·

142 3433 193 3499 cio
215 3449 254 3497 so
276 3431 395 3500 fefellit
415 3436 507 3517 Argo
529 3434 634 3501 fuisse
657 3435 801 3516 primam
824 3432 966 3501 naveml
990 3434 1041 3500 At
1061 3434 1167 3500 risum
1190 3449 1325 3501 movere

142 3570 210 3621 non
232 3556 370 3623 desistit
390 3562 523 3624 noster:
547 3574 752 3640 quemquam
773 3562 876 3625 antea
898 3558 990 3625 nulla
1007 3574 1131 3641 magna
1149 3558 1248 3624 navis
1265 3574 1325 3641 per

137 3695 237 3757 ¹mare
258 3679 395 3763 longum
416 3680 483 3747 iter
504 3681 613 3747 iacere
636 3681 735 3748 solita
758 3684 850 3758 erat,
875 3681 1091 3748 nihilominus
1101 3686 1326 3763 cognoverant

144 3804 269 3869 nautae
303 3820 379 3870 esse
412 3821 514 3887 mpes
548 3803 701 3888 Cyaneas
723 3808 759 3871 et
781 3805 995 3886 verebantur,
1019 3821 1062 3871 ne
1084 3804 1171 3871 illico
1193 3822 1326 3873 concur·

184 4012 214 4083 1)
234 4014 392 4083 Quomodo
413 4014 450 4074 sit
469 4014 585 4075 historia
606 4015 801 4075 conscribenda
821 4016 894 4089 (39).

184 4116 216 4197 2)
247 4120 432 4194 Exaggeravit
461 4120 545 4181 etiam
575 4120 688 4180 Diodori
717 4122 929 4198 expositionem,
960 4123 1009 4197 qui
1036 4123 1103 4183 dicit
1122 4124 1246 4183 homines
1264 4126 1329 4183 ante

144 4213 220 4289 Argo
239 4232 338 4276 navem
358 4219 467 4275 tantum
487 4217 617 4277 lintribus
636 4218 679 4277 uti
699 4218 794 4277 solitos
815 4236 885 4279 esso.

185 4322 216 4394 3)
237 4322 273 4381 cf
289 4323 339 4381 lib.
360 4324 377 4382 Ι
397 4346 403 4382 :
425 4324 481 4398 60,
504 4324 562 4384 198
582 4327 611 4384 et
631 4325 649 4383 2
671 4346 679 4383 ι
701 4324 770 4385 382.

1260 4424 1282 4490 3
