3300 5067
842 510 886 577 24

429 712 483 780 νῆιν
505 702 533 769 δ’
557 701 708 787 Ἀθηναίη
730 703 865 773 Πολλὰς
885 701 1005 781 κάμεν,
1026 703 1059 769 ο)
1080 701 1175 781 μάλα
1192 702 1290 780 τοιιςι,

429 815 489 885 οἶνοί
510 842 566 899 περ
590 818 735 900 Κόλχοισι
758 821 830 897 μετ’
853 818 981 901 ineptire
1003 827 1069 895 νῆες
1091 818 1195 893 ἔωσιν,

428 932 508 999 τοὶων
529 933 688 1011 ιιῐνοτοίτιρς
711 933 930 1017 ἐπεκύρσαμεν
954 932 1053 1011 ἤλιθιο
1073 932 1136 1015 yde
1157 958 1212 1012 μιν

429 1047 542 1131 λάβρον
564 1047 639 1131 ὕδωρ
663 1048 747 1125 πνοιή
769 1072 805 1115 τε
827 1048 1007 1129 διέτμαγεν,
1029 1047 1048 1125 ἢ
1069 1048 1142 1115 t’es
1163 1048 1302 1131 γόμφοις

430 1165 575 1247 ι’σχετιιι,
598 1163 632 1241 ἢν
653 1164 707 1231 nal
730 1166 833 1231 ποῖσινι
856 1164 1050 1248 ἐπιβρίσωσιν
1072 1163 1197 1231 ἄελλαι.

429 1275 488 1345 ἶσον
510 1277 575 1359 δ’ἐξ
597 1280 720 1360 οὶνέμοιο
743 1277 810 1347 θέει
833 1280 886 1345 nal
908 1278 952 1345 ὅτ’
976 1279 1079 1363 ἀνέρες
1100 1279 1188 1345 αὐτοὶ

428 1396 585 1474 νωλεμέως
609 1395 762 1478 χείρεσσιν
785 1393 1013 1477 ἐπισπέρχωσιν
1036 1396 1185 1477 ἐρετμοῖς.

273 1523 329 1591 ubi
363 1524 403 1589 de
438 1523 536 1589 navis
569 1523 698 1589 virtuto
719 1524 844 1606 Argus,
879 1523 995 1589 Phrixi
1023 1522 1114 1589 filius
1135 1525 1261 1591 narrat.
1295 1524 1459 1591 Animad-

273 1648 474 1713 vertendum
508 1649 564 1712 est
596 1645 810 1728 Apollonium
837 1645 870 1730 1)
899 1646 1030 1713 mentae
1049 1646 1215 1729 originem
1234 1649 1270 1712 et
1293 1648 1459 1714 rationem

274 1773 358 1839 bene
380 1771 602 1853 perspexisse.
625 1770 662 1837 In
686 1771 820 1838 exordio
843 1772 1025 1839 animiam
1048 1772 1164 1838 monui
1185 1772 1228 1838 (le
1250 1772 1460 1854 Argonautis

268 1895 433 1981 mythum
473 1894 555 1960 nihil
595 1910 671 1961 esse
712 1894 778 1961 nisi
820 1895 1018 1962 memoriam
1059 1895 1243 1961 multorum
1282 1894 1460 1977 allinyis

273 2018 438 2083 factorum
461 2018 632 2101 itinerum,
655 2035 721 2099 quo
740 2018 838 2085 modo
847 2019 950 2086 iidem
962 2020 1108 2085 colonias
1120 2019 1300 2102 permaria
1314 2020 1459 2087 deduxe-

273 2141 342 2207 rint
376 2146 412 2207 et
444 2142 542 2222 primi
575 2142 718 2208 fortasse
749 2142 897 2210 Pontum
928 2142 1099 2209 Euxinum
1128 2142 1334 2209 intraverint
1355 2147 1392 2209 et
1415 2160 1456 2209 ea

275 2264 412 2330 audacia
445 2264 657 2347 cyanearum
698 2267 834 2349 rupium
875 2270 989 2333 metus
1030 2282 1111 2333 mox
1152 2266 1340 2333 evanuerit.
1387 2265 1461 2348 Quo

275 2390 391 2453 autem
426 2390 510 2475 mari
533 2390 681 2456 nondum
704 2392 835 2458 recluso
857 2391 927 2458 iam
948 2391 1005 2457 diu
1028 2391 1235 2473 navigationi
1256 2390 1461 2457 studuerant

275 2511 425 2595 Minyae,
448 2512 593 2595 pericula
616 2513 721 2579 maris
739 2518 965 2596 cognoverant
979 2530 1087 2594 neque
1102 2515 1312 2579 verebantur.
1333 2514 1460 2580 Itinere

275 2636 548 2719 Argonautarum
567 2637 647 2703 nihil
668 2638 747 2705 novi
765 2654 873 2719 neque
891 2636 1033 2703 inauditi
1045 2636 1173 2703 factum
1184 2640 1256 2713 est,
1268 2654 1330 2703 nec
1344 2638 1460 2704 minus

274 2761 450 2828 hominum
472 2762 709 2828 commercium
734 2760 787 2827 vel
811 2776 922 2827 mores
934 2760 1059 2827 mutati
1071 2764 1163 2827 sunt.
1175 2760 1282 2843 Igitur
1295 2778 1361 2827 non
1373 2778 1461 2844 opus

275 2889 348 2951 erat
377 2886 571 2951 interventu
594 2883 740 2951 Deorum
762 2901 825 2950 nee
846 2883 1012 2950 eonciliis:
1037 2901 1102 2949 non
1126 2884 1218 2950 enim
1241 2865 1462 2967 Argonautae

275 3009 380 3073 maris
401 3009 664 3075 dominationem
686 3026 707 3075 a
729 3009 795 3076 diis
819 3008 944 3075 invidis
962 3009 1317 3092 inaetraoturierant,
1330 3009 1462 3075 utPro·

276 3132 432 3197 matheus
455 3132 534 3198 olim
556 3149 576 3198 e
599 3132 689 3199 ooelo
706 3133 819 3215 ignem
839 3132 929 3197 furto
947 3130 1154 3197 subduxerat
1165 3131 1244 3198 Iove
1256 3133 1462 3214 invitaque

274 3255 462 3322 recentium
491 3257 666 3322 hominum
693 3272 803 3321 mores
826 3255 955 3321 leniret.
979 3254 1086 3321 Multa
1109 3258 1226 3321 autem
1248 3257 1317 3321 iam
1352 3257 1463 3323 maria

274 3380 452 3464 patebant,
482 3397 589 3446 unum
616 3385 751 3447 tantum
773 3382 927 3462 ignotum
948 3380 1098 3463 aperturi
1120 3384 1218 3446 erant
1228 3381 1459 3463 Argonautae.

318 3503 494 3570 Praeterea
527 3521 547 3568 a
581 3502 708 3569 Graeca
730 3508 845 3570 mente
864 3509 901 3571 et
919 3503 1028 3571 indole
1051 3505 1199 3570 alienum
1222 3507 1296 3570 erat
1318 3505 1462 3571 timores

274 3629 311 3693 et
350 3628 513 3709 pericula,
553 3644 638 3709 quae
671 3628 780 3708 prima
813 3644 900 3693 nave
934 3628 1104 3694 maritima
1137 3627 1228 3693 veoti
1262 3629 1461 3708 habuerint,

275 3766 389 3817 secum
421 3756 577 3835 reputare
610 3754 646 3816 et
679 3751 720 3816 de
751 3752 792 3817 iis
823 3750 971 3817 fabulam
994 3768 1200 3834 componere.
1224 3753 1257 3819 A
1279 3769 1344 3833 quo
1366 3732 1462 3820 enim

265 3866 451 3877 -n—r———n

315 3909 345 3985 1)
375 3911 415 3971 Ut
444 3911 537 3985 plures
566 3910 703 3984 aequales.
734 3910 765 3969 oi
791 3909 898 3969 Charax
917 3910 948 3969 in
966 3909 1068 3969 Enati.
1088 3908 1125 3968 ad
1144 3909 1228 3969 Dion.
1248 3910 1362 3984 Pmieg,
1385 3910 1465 3973 687:

269 4008 368 4070 ἱστορεῖ
382 4003 410 4055 δὲ
431 4005 517 4070 Χάραξ
533 4006 593 4063 τοῦς
609 4002 787 4069 Ἀργοναύτας
804 4002 833 4054 οὔ
851 4008 898 4070 μιᾳ
915 4002 954 4062 νιςῖ
970 4002 1041 4054 ἀλλὰ
1058 4006 1163 4062 πολλοῖς
1180 4004 1286 4063 πλοίοις,
1304 4004 1340 4063 εἷς
1348 4008 1465 4056 πλεῦσαι

270 4090 317 4143 πᾶν
334 4089 453 4154 Εὔξεινον.
1249 4100 1257 4114 ·

313 4186 446 4247 Nonnulli
477 4186 572 4245 dieunt
602 4186 731 4244 Danaum
761 4186 881 4259 primam
910 4201 1009 4243 navem
1039 4184 1238 4256 construxisse,
1266 4201 1320 4259 quo
1347 4182 1484 4258 apparet

273 4286 329 4345 iam
349 4284 379 4343 in
399 4283 510 4342 Graecis
530 4282 642 4357 seriptis
660 4283 711 4341 hoe
733 4282 838 4341 saeuam
860 4282 889 4339 in
910 4282 1041 4340 remotius
1052 4286 1171 4356 tempus
1191 4282 1345 4342 reoessisae.
