3300 5067
691 503 735 572 63

116 696 249 764 lterum
270 705 471 781 argumento
493 702 677 785 Apollonii,
698 702 794 769 cuius
813 701 1023 784 expositione
1034 705 1194 768 naturam
1203 701 1304 768 huius

117 820 252 889 fabulae
282 824 408 905 optime
442 825 629 909 perspicere
659 842 858 910 possumus,
882 828 1015 893 mutato
1036 824 1192 894 Valerius
1213 826 1306 909 operi

119 962 182 1012 suo
204 947 354 1015 maxime
378 950 502 1015 nocuit.

163 1072 297 1137 Ancora
319 1073 430 1139 soluta
451 1074 532 1139 laeti
554 1078 590 1140 ct
613 1074 703 1140 curis
727 1072 887 1156 luctuque
909 1074 1003 1140 liberi
1025 1075 1306 1141 certamenremi·
1388 1122 1394 1134 .

117 1195 221 1277 gandi
254 1196 441 1263 instituunt
463 1198 680 1279 Argonautae
702 1194 793 1283 (quis
817 1197 999 1264 desisteret
1020 1197 1162 1264 ultimus
1197 1199 1301 1277 1154,

118 1318 277 1385 adiunxit
309 1318 525 1402 Apollonius,
553 1322 611 1402 qui
643 1322 730 1387 mari
756 1321 1015 1388 vehementibus
1038 1321 1130 1386 auris
1152 1321 1307 1388 adversis

118 1441 258 1507 turbato
281 1458 400 1508 omnes
422 1443 567 1510 Hercule
587 1447 729 1528 excepto
740 1445 851 1513 labore
863 1460 997 1511 cessare
1008 1444 1092 1510 bene
1103 1443 1303 1529 descripsit),

117 1565 224 1631 donec
246 1566 410 1633 Hercules
432 1568 588 1635 omuibus
607 1570 735 1636 uiribus
759 1569 896 1636 obnisus
918 1584 1010 1634 remo
1032 1567 1138 1635 tracto
1161 1569 1302 1651 supinus

117 1688 248 1755 cecidit.
272 1688 448 1775 conferas,
479 1693 509 1758 si
531 1694 658 1775 placet,
682 1694 850 1777 Apollonii
875 1693 1092 1759 1168-1171
1119 1696 1156 1759 et
1177 1691 1302 1760 Valerii

118 1814 374 1881 3:476-480
409 1813 456 1900 1),
499 1822 539 1884 ut
571 1834 752 1900 cognoscas
786 1817 890 1885 illum
914 1834 971 1883 res
1003 1818 1040 1883 et
1073 1816 1179 1891 lacta,
1212 1817 1303 1883 hunc

116 1939 255 2004 nomina
285 1942 423 2006 tantum
451 1957 595 2007 narrare.
631 1941 669 2007 In
701 1941 835 2008 Valerio
857 1941 975 2007 Flacco
996 1945 1171 2023 praeterea
1191 1956 1302 2024 repre-

116 2062 332 2129 hendendum
384 2068 438 2130 est
478 2066 659 2134 Herculem
702 2066 825 2148 ubique
870 2067 998 2149 primas
1041 2069 1157 2147 partes
1201 2082 1300 2148 agere

118 2187 148 2271 (Ι
171 2211 179 2249 :
206 2188 397 2271 107-120‚
422 2190 503 2272 ata,
525 2190 601 2257 634.
623 2190 656 2256 il
676 2213 683 2256 ε
704 2192 787 2273 373,
810 2191 877 2257 4110
905 2191 980 2256 579.
1003 2190 1079 2256 III:
1102 2188 1301 2273 161-170).

117 2311 134 2375 Ι
155 2331 163 2375 z
184 2312 442 2379 tea-573.11:
463 2313 646 2390 186-198,
666 2314 875 2397 Tyndaridae
891 2330 1022 2396 quoque
1042 2314 1167 2379 maiore
1177 2312 1302 2379 honore

118 2450 222 2516 quam
233 2452 292 2519 pro
304 2436 422 2503 Iasone
434 2438 538 2503 velim
550 2438 743 2504 afficiuntur
760 2437 988 2504 1:563-573
999 2439 1036 2503 et
1046 2435 1099 2502 II:
1115 2437 1299 2503 186-198.

117 2560 221 2643 Apud
244 2560 403 2627 Latinum
426 2561 523 2627 deest
545 2562 819 2644 Argonautarum
841 2561 999 2627 voluntas
1021 2562 1147 2627 sommi
1168 2560 1302 2627 honoris

118 2684 256 2752 Herculi
276 2685 448 2762 tradendi,
472 2688 528 2767 qui
547 2703 723 2769 recusans,
747 2685 929 2767 quominus
951 2684 1115 2751 sociorum
1134 2685 1204 2751 dux
1221 2685 1300 2769 fiat,

118 2826 293 2875 summum
315 2809 494 2893 imperium
516 2810 628 2876 Iasoni
650 2809 809 2875 concedit.
832 2808 881 2874 Ut
898 2807 1301 2892 Apolloniusplerumque

117 2918 267 3001 ostendit
296 2950 333 2999 se
361 2934 461 3000 huius
490 2934 621 3000 fabulae
649 2934 809 3015 originem
838 2935 875 2999 et
899 2937 1057 2998 naturam
1079 2934 1206 3014 optime
1227 2950 1303 3016 per·

119 3060 261 3141 spicere,
286 3060 334 3125 sic
355 3060 417 3125 hac
440 3076 571 3141 quoque
594 3058 801 3132 difficultate,
825 3062 942 3124 utrum
964 3057 1126 3123 Hercules
1147 3057 1300 3126 anIason

118 3184 188 3249 dux
211 3182 384 3265 eligendus
405 3188 514 3266 esset,
537 3184 649 3265 sagaci
668 3187 783 3249 monte
801 3182 912 3248 soluta
928 3181 1143 3264 'tirynthium
1166 3181 1301 3249 heroem

118 3307 249 3387 imperii
271 3309 430 3375 honorem
453 3324 473 3373 a
495 3307 593 3373 sociis
616 3307 771 3373 omnibus
789 3305 939 3372 oblatum
957 3310 1173 3372 recusantem
1190 3307 1305 3374 debito

119 3431 242 3498 honore
263 3432 377 3498 affecit
399 3428 442 3516 2).
461 3429 526 3496 Sed
544 3430 711 3497 abhincin
722 3428 887 3512 Apollonii
898 3429 1306 3511 Argonauticisvidemue

118 3556 297 3622 Herculem
317 3556 430 3622 robore
455 3557 600 3639 corporis
622 3554 757 3636 quidem
780 3555 815 3620 in
838 3535 1032 3636 remigando
1054 3557 1090 3620 et
1110 3556 1146 3619 in
1168 3553 1305 3636 proeliis

118 3679 266 3745 multum
299 3680 429 3759 valere,
453 3679 597 3746 eundem
619 3679 654 3745 in
678 3678 788 3746 insula
810 3678 939 3745 Lemno
961 3680 1060 3745 sociis
1082 3680 1300 3761 persuadere,

158 3871 189 3950 1)
219 3874 360 3933 Allocutio
390 3875 425 3933 ad
446 3875 570 3949 Iphitum
590 3890 647 3933 una
666 3877 710 3934 est
728 3891 745 3933 0
763 3874 863 3933 multis
882 3872 1062 3947 posteriorum
1081 3872 1220 3946 epicorum
1239 3888 1307 3946 poe-

115 3984 208 4039 tarum
228 3979 359 4049 insaniis,
380 3980 460 4053 quasi
480 3980 537 4038 sint
557 3979 708 4038 familiares
727 3979 841 4039 heroum
859 3979 1114 4053 mythologicorum.

157 4085 191 4165 2)
222 4086 292 4145 Tota
320 4089 422 4145 natura
451 4091 479 4146 ot
509 4087 614 4147 indoles
643 4086 791 4159 Herculis,
821 4087 870 4161 qui
892 4087 968 4145 solus
986 4102 1078 4146 errare
1096 4089 1125 4145 et
1142 4087 1249 4146 labores
1267 4089 1306 4146 ab·

116 4192 271 4267 Eurystheo
297 4192 386 4250 iussos
412 4192 532 4265 perferre
552 4192 672 4264 solebat,
694 4193 803 4267 proprie
821 4194 857 4252 ab
876 4193 929 4252 hac
948 4192 1043 4251 fabula
1062 4193 1153 4253 aliena
1172 4195 1229 4264 est,
1248 4210 1306 4267 quo

118 4298 302 4371 intelligimus
323 4297 471 4357 Herculem
492 4298 672 4372 posteriorum
694 4301 837 4373 poetarum
857 4299 1074 4359 additamentum
1093 4314 1161 4359 0100.
