<?xml version="1.0" encoding="UTF-8"?>
<!DOCTYPE html PUBLIC "-//W3C//DTD XHTML 1.0 Transitional//EN"
    "http://www.w3.org/TR/xhtml1/DTD/xhtml1-transitional.dtd">
<html xmlns="http://www.w3.org/1999/xhtml" xml:lang="en" lang="en">
 <head>
  <title>
</title>
<meta http-equiv="Content-Type" content="text/html;charset=utf-8" />
  <meta name='ocr-system' content='tesseract 3.04.00' />
  <meta name='ocr-capabilities' content='ocr_page ocr_carea ocr_par ocr_line ocrx_word'/>
</head>
<body>
  <div class='ocr_page' id='page_1' title='image "./deapolloniirhod00moltgoog_0088.png"; bbox 0 0 3300 5067; ppageno 0'>
   <div class='ocr_carea' id='block_1_1' title="bbox 865 509 908 573">
    <p class='ocr_par' dir='ltr' id='par_1_1' title="bbox 865 509 908 573">
     <span class='ocr_line' id='line_1_1' title="bbox 865 509 908 573; baseline 0.023 -1"><span class='ocrx_word' id='word_1_1' title='bbox 865 509 908 573; x_wconf 76' lang='lat'><strong>76</strong></span> 
     </span>
    </p>
   </div>
   <div class='ocr_carea' id='block_1_2' title="bbox 192 698 1488 3864">
    <p class='ocr_par' dir='ltr' id='par_1_2' title="bbox 192 698 1488 3864">
     <span class='ocr_line' id='line_1_2' title="bbox 290 698 1484 785; baseline 0.001 -15"><span class='ocrx_word' id='word_1_2' title='bbox 290 703 401 785; x_wconf 79' lang='lat' dir='ltr'><strong>Quum</strong></span> <span class='ocrx_word' id='word_1_3' title='bbox 418 703 509 768; x_wconf 91' lang='lat' dir='ltr'><strong>enim</strong></span> <span class='ocrx_word' id='word_1_4' title='bbox 527 701 622 784; x_wconf 85' lang='lat' dir='ltr'><strong>gravi</strong></span> <span class='ocrx_word' id='word_1_5' title='bbox 641 702 801 768; x_wconf 82' lang='lat' dir='ltr'><strong>vaticinio</strong></span> <span class='ocrx_word' id='word_1_6' title='bbox 820 698 955 784; x_wconf 85' lang='lat' dir='ltr'><strong>Phinei,</strong></span> <span class='ocrx_word' id='word_1_7' title='bbox 975 703 1033 784; x_wconf 89' lang='lat' dir='ltr'><strong>qui</strong></span> <span class='ocrx_word' id='word_1_8' title='bbox 1049 703 1265 783; x_wconf 87' lang='lat' dir='ltr'><strong>praedixerat</strong></span> <span class='ocrx_word' id='word_1_9' title='bbox 1275 705 1321 771; x_wconf 91' lang='lat' dir='ltr'><strong>ibi</strong></span> <span class='ocrx_word' id='word_1_10' title='bbox 1332 703 1484 770; x_wconf 85' lang='lat' dir='ltr'><strong>salutem</strong></span> 
     </span>
     <span class='ocr_line' id='line_1_3' title="bbox 291 824 1487 910; baseline 0.001 -17"><span class='ocrx_word' id='word_1_11' title='bbox 291 832 328 894; x_wconf 92' lang='lat' dir='ltr'><strong>et</strong></span> <span class='ocrx_word' id='word_1_12' title='bbox 345 827 522 893; x_wconf 74' lang='lat' dir='ltr'><strong>dubimum</strong></span> <span class='ocrx_word' id='word_1_13' title='bbox 539 841 652 891; x_wconf 90' lang='lat' dir='ltr'><strong>rerum</strong></span> <span class='ocrx_word' id='word_1_14' title='bbox 670 824 858 892; x_wconf 83' lang='lat' dir='ltr'><strong>remedium</strong></span> <span class='ocrx_word' id='word_1_15' title='bbox 877 827 1001 892; x_wconf 88' lang='lat' dir='ltr'><strong>nautas</strong></span> <span class='ocrx_word' id='word_1_16' title='bbox 1020 841 1095 892; x_wconf 87' lang='lat' dir='ltr'><strong>esse</strong></span> <span class='ocrx_word' id='word_1_17' title='bbox 1114 827 1328 910; x_wconf 87' lang='lat' dir='ltr'><strong>inventuros,</strong></span> <span class='ocrx_word' id='word_1_18' title='bbox 1348 827 1487 896; x_wconf 87' lang='lat' dir='ltr'><strong>insulae</strong></span> 
     </span>
     <span class='ocr_line' id='line_1_4' title="bbox 291 948 1488 1034; baseline 0.002 -17"><span class='ocrx_word' id='word_1_19' title='bbox 291 949 610 1034; x_wconf 81' lang='lat' dir='ltr'>appropinquarent,</span> <span class='ocrx_word' id='word_1_20' title='bbox 638 965 716 1016; x_wconf 92' lang='lat' dir='ltr'><strong>ecce</strong></span> <span class='ocrx_word' id='word_1_21' title='bbox 745 949 859 1016; x_wconf 89' lang='lat' dir='ltr'><strong>subito</strong></span> <span class='ocrx_word' id='word_1_22' title='bbox 881 948 1047 1015; x_wconf 83' lang='lat' dir='ltr'><strong>terribiles</strong></span> <span class='ocrx_word' id='word_1_23' title='bbox 1069 965 1153 1016; x_wconf 86' lang='lat' dir='ltr'><strong>aves</strong></span> <span class='ocrx_word' id='word_1_24' title='bbox 1174 951 1371 1031; x_wconf 91' lang='lat' dir='ltr'><strong>prodierunt</strong></span> <span class='ocrx_word' id='word_1_25' title='bbox 1392 969 1488 1034; x_wconf 87' lang='lat' dir='ltr'><strong>quae</strong></span> 
     </span>
     <span class='ocr_line' id='line_1_5' title="bbox 292 1073 1483 1157; baseline 0.003 -17"><span class='ocrx_word' id='word_1_26' title='bbox 292 1075 403 1140; x_wconf 90' lang='lat' dir='ltr'><strong>acutis</strong></span> <span class='ocrx_word' id='word_1_27' title='bbox 433 1073 571 1157; x_wconf 90' lang='lat' dir='ltr'><strong>pennis,</strong></span> <span class='ocrx_word' id='word_1_28' title='bbox 605 1089 690 1154; x_wconf 88' lang='lat' dir='ltr'><strong>quas</strong></span> <span class='ocrx_word' id='word_1_29' title='bbox 719 1073 826 1139; x_wconf 87' lang='lat' dir='ltr'><strong>veluti</strong></span> <span class='ocrx_word' id='word_1_30' title='bbox 857 1073 1002 1154; x_wconf 76' lang='lat' dir='ltr'><strong>sagittas</strong></span> <span class='ocrx_word' id='word_1_31' title='bbox 1030 1073 1064 1138; x_wconf 94' lang='lat' dir='ltr'><strong>in</strong></span> <span class='ocrx_word' id='word_1_32' title='bbox 1096 1077 1221 1140; x_wconf 78' lang='lat' dir='ltr'><strong>nautas</strong></span> <span class='ocrx_word' id='word_1_33' title='bbox 1250 1077 1483 1154; x_wconf 77' lang='lat' dir='ltr'><strong>coniciebant,</strong></span> 
     </span>
     <span class='ocr_line' id='line_1_6' title="bbox 192 1187 1487 1280; baseline 0.003 -17"><span class='ocrx_word' id='word_1_34' title='bbox 192 1187 195 1191; x_wconf 76' lang='grc'><strong>’</strong></span> <span class='ocrx_word' id='word_1_35' title='bbox 291 1214 409 1264; x_wconf 90' lang='lat' dir='ltr'><strong>omnes</strong></span> <span class='ocrx_word' id='word_1_36' title='bbox 429 1196 559 1262; x_wconf 83' lang='lat' dir='ltr'><strong>Iasonis</strong></span> <span class='ocrx_word' id='word_1_37' title='bbox 576 1197 684 1262; x_wconf 88' lang='lat' dir='ltr'><strong>socios</strong></span> <span class='ocrx_word' id='word_1_38' title='bbox 702 1195 943 1262; x_wconf 75' lang='lat' dir='ltr'><strong>interfecturos</strong></span> <span class='ocrx_word' id='word_1_39' title='bbox 961 1199 1077 1280; x_wconf 88' lang='lat' dir='ltr'><strong>crant,</strong></span> <span class='ocrx_word' id='word_1_40' title='bbox 1097 1197 1162 1262; x_wconf 93' lang='lat' dir='ltr'><strong>nisi</strong></span> <span class='ocrx_word' id='word_1_41' title='bbox 1173 1197 1332 1280; x_wconf 91' lang='lat' dir='ltr'><strong>prudenti</strong></span> <span class='ocrx_word' id='word_1_42' title='bbox 1343 1201 1487 1267; x_wconf 90' lang='lat' dir='ltr'><strong>consilio</strong></span> 
     </span>
     <span class='ocr_line' id='line_1_7' title="bbox 291 1319 1484 1406; baseline 0.004 -20"><span class='ocrx_word' id='word_1_43' title='bbox 291 1319 555 1403; x_wconf 77' lang='lat' dir='ltr'><strong>Amphidamas,</strong></span> <span class='ocrx_word' id='word_1_44' title='bbox 597 1319 656 1401; x_wconf 88' lang='lat' dir='ltr'><strong>qui</strong></span> <span class='ocrx_word' id='word_1_45' title='bbox 687 1320 795 1402; x_wconf 89' lang='lat' dir='ltr'><strong>ipsius</strong></span> <span class='ocrx_word' id='word_1_46' title='bbox 829 1319 935 1386; x_wconf 87' lang='lat' dir='ltr'><strong>oculis</strong></span> <span class='ocrx_word' id='word_1_47' title='bbox 968 1320 1116 1387; x_wconf 64' lang='lat' dir='ltr'><strong>viderat⁴</strong></span> <span class='ocrx_word' id='word_1_48' title='bbox 1134 1321 1316 1389; x_wconf 81' lang='lat' dir='ltr'>Herculem</span> <span class='ocrx_word' id='word_1_49' title='bbox 1349 1323 1484 1406; x_wconf 83' lang='lat' dir='ltr'><strong>ingenti</strong></span> 
     </span>
     <span class='ocr_line' id='line_1_8' title="bbox 292 1441 1486 1530; baseline 0.003 -20"><span class='ocrx_word' id='word_1_50' title='bbox 292 1445 438 1526; x_wconf 87' lang='lat' dir='ltr'><strong>strepitu</strong></span> <span class='ocrx_word' id='word_1_51' title='bbox 466 1444 599 1510; x_wconf 86' lang='lat' dir='ltr'><strong>sublato</strong></span> <span class='ocrx_word' id='word_1_52' title='bbox 626 1441 880 1525; x_wconf 85' lang='lat' dir='ltr'><strong>Stymphalides</strong></span> <span class='ocrx_word' id='word_1_53' title='bbox 901 1459 985 1510; x_wconf 88' lang='lat' dir='ltr'><strong>aves</strong></span> <span class='ocrx_word' id='word_1_54' title='bbox 1007 1443 1077 1512; x_wconf 91' lang='lat' dir='ltr'><strong>loco</strong></span> <span class='ocrx_word' id='word_1_55' title='bbox 1099 1447 1283 1530; x_wconf 86' lang='lat' dir='ltr'>pepulisse,</span> <span class='ocrx_word' id='word_1_56' title='bbox 1313 1447 1421 1513; x_wconf 89' lang='lat' dir='ltr'><strong>scutis</strong></span> <span class='ocrx_word' id='word_1_57' title='bbox 1442 1451 1486 1513; x_wconf 91' lang='lat' dir='ltr'><strong>et</strong></span> 
     </span>
     <span class='ocr_line' id='line_1_9' title="bbox 290 1566 1481 1652; baseline 0.002 -18"><span class='ocrx_word' id='word_1_58' title='bbox 290 1567 409 1651; x_wconf 88' lang='lat' dir='ltr'><strong>gladiis</strong></span> <span class='ocrx_word' id='word_1_59' title='bbox 436 1566 609 1633; x_wconf 90' lang='lat' dir='ltr'><strong>concussis</strong></span> <span class='ocrx_word' id='word_1_60' title='bbox 639 1567 913 1648; x_wconf 78' lang='lat' dir='ltr'><strong>Argonautarum</strong></span> <span class='ocrx_word' id='word_1_61' title='bbox 941 1583 1021 1649; x_wconf 86' lang='lat' dir='ltr'><strong>pars</strong></span> <span class='ocrx_word' id='word_1_62' title='bbox 1044 1571 1196 1636; x_wconf 88' lang='lat' dir='ltr'><strong>monstra</strong></span> <span class='ocrx_word' id='word_1_63' title='bbox 1217 1571 1327 1652; x_wconf 85' lang='lat' dir='ltr'><strong>primo</strong></span> <span class='ocrx_word' id='word_1_64' title='bbox 1348 1589 1369 1636; x_wconf 92' lang='lat' dir='ltr'><strong>a</strong></span> <span class='ocrx_word' id='word_1_65' title='bbox 1391 1587 1481 1636; x_wconf 89' lang='lat' dir='ltr'><strong>nave</strong></span> 
     </span>
     <span class='ocr_line' id='line_1_10' title="bbox 291 1689 1481 1778; baseline 0 -19"><span class='ocrx_word' id='word_1_66' title='bbox 291 1697 328 1759; x_wconf 90' lang='lat' dir='ltr'><strong>et</strong></span> <span class='ocrx_word' id='word_1_67' title='bbox 349 1708 447 1774; x_wconf 83' lang='lat' dir='ltr'><strong>mox,</strong></span> <span class='ocrx_word' id='word_1_68' title='bbox 470 1707 549 1757; x_wconf 88' lang='lat' dir='ltr'><strong>cum</strong></span> <span class='ocrx_word' id='word_1_69' title='bbox 569 1691 676 1756; x_wconf 84' lang='lat' dir='ltr'><strong>altera</strong></span> <span class='ocrx_word' id='word_1_70' title='bbox 693 1707 773 1772; x_wconf 90' lang='lat' dir='ltr'><strong>pars</strong></span> <span class='ocrx_word' id='word_1_71' title='bbox 791 1689 907 1772; x_wconf 89' lang='lat' dir='ltr'><strong>clipeis</strong></span> <span class='ocrx_word' id='word_1_72' title='bbox 918 1695 1070 1773; x_wconf 89' lang='lat' dir='ltr'><strong>protecta</strong></span> <span class='ocrx_word' id='word_1_73' title='bbox 1079 1693 1123 1760; x_wconf 89' lang='lat' dir='ltr'><strong>ad</strong></span> <span class='ocrx_word' id='word_1_74' title='bbox 1134 1695 1218 1760; x_wconf 87' lang='lat' dir='ltr'><strong>litus</strong></span> <span class='ocrx_word' id='word_1_75' title='bbox 1229 1695 1481 1778; x_wconf 87' lang='lat' dir='ltr'><strong>remigavisset,</strong></span> 
     </span>
     <span class='ocr_line' id='line_1_11' title="bbox 280 1813 1485 1902; baseline 0.002 -19"><span class='ocrx_word' id='word_1_76' title='bbox 280 1819 334 1883; x_wconf 86' lang='lat' dir='ltr'><strong>ab</strong></span> <span class='ocrx_word' id='word_1_77' title='bbox 355 1815 466 1882; x_wconf 91' lang='lat' dir='ltr'><strong>insula</strong></span> <span class='ocrx_word' id='word_1_78' title='bbox 487 1814 723 1898; x_wconf 83' lang='lat' dir='ltr'><strong>propulissent</strong></span> <span class='ocrx_word' id='word_1_79' title='bbox 744 1813 877 1881; x_wconf 87' lang='lat' dir='ltr'><strong>Iudicat</strong></span> <span class='ocrx_word' id='word_1_80' title='bbox 898 1815 1001 1897; x_wconf 90' lang='lat' dir='ltr'><strong>igitur</strong></span> <span class='ocrx_word' id='word_1_81' title='bbox 1019 1820 1119 1900; x_wconf 87' lang='lat' dir='ltr'><strong>poeta</strong></span> <span class='ocrx_word' id='word_1_82' title='bbox 1138 1818 1369 1902; x_wconf 83' lang='lat' dir='ltr'><strong>Argonautas,</strong></span> <span class='ocrx_word' id='word_1_83' title='bbox 1388 1819 1485 1885; x_wconf 84' lang='lat' dir='ltr'><strong>viros</strong></span> 
     </span>
     <span class='ocr_line' id='line_1_12' title="bbox 291 1921 1481 2024; baseline 0.001 -17"><span class='ocrx_word' id='word_1_84' title='bbox 291 1939 512 2020; x_wconf 85' lang='lat' dir='ltr'><strong>fortissimos,</strong></span> <span class='ocrx_word' id='word_1_85' title='bbox 546 1937 659 2004; x_wconf 87' lang='lat' dir='ltr'><strong>omnia</strong></span> <span class='ocrx_word' id='word_1_86' title='bbox 692 1937 838 2019; x_wconf 89' lang='lat' dir='ltr'><strong>pericula</strong></span> <span class='ocrx_word' id='word_1_87' title='bbox 871 1937 985 2005; x_wconf 90' lang='lat' dir='ltr'><strong>subire</strong></span> <span class='ocrx_word' id='word_1_88' title='bbox 1018 1941 1158 2024; x_wconf 90' lang='lat' dir='ltr'><strong>audere,</strong></span> <span class='ocrx_word' id='word_1_89' title='bbox 1196 1945 1237 2007; x_wconf 90' lang='lat' dir='ltr'><strong>ut</strong></span> <span class='ocrx_word' id='word_1_90' title='bbox 1269 1921 1481 2024; x_wconf 89' lang='lat' dir='ltr'><strong>propositum</strong></span> 
     </span>
     <span class='ocr_line' id='line_1_13' title="bbox 292 2060 1482 2144; baseline 0.003 -17"><span class='ocrx_word' id='word_1_91' title='bbox 292 2066 526 2144; x_wconf 88' lang='lat' dir='ltr'><strong>assequantur.</strong></span> <span class='ocrx_word' id='word_1_92' title='bbox 569 2060 723 2126; x_wconf 85' lang='lat' dir='ltr'><strong>Pulchris</strong></span> <span class='ocrx_word' id='word_1_93' title='bbox 763 2063 1069 2143; x_wconf 88' lang='lat' dir='ltr'><strong>comparationibus</strong></span> <span class='ocrx_word' id='word_1_94' title='bbox 1109 2063 1190 2131; x_wconf 89' lang='lat' dir='ltr'><strong>illud</strong></span> <span class='ocrx_word' id='word_1_95' title='bbox 1228 2065 1482 2131; x_wconf 89' lang='lat' dir='ltr'><strong>munimentum</strong></span> 
     </span>
     <span class='ocr_line' id='line_1_14' title="bbox 292 2183 1481 2274; baseline 0 -20"><span class='ocrx_word' id='word_1_96' title='bbox 292 2183 557 2273; x_wconf 72' lang='lat' dir='ltr'><strong>(tote—1074),</strong></span> <span class='ocrx_word' id='word_1_97' title='bbox 593 2184 775 2267; x_wconf 86' lang='lat' dir='ltr'><strong>strepitum</strong></span> <span class='ocrx_word' id='word_1_98' title='bbox 808 2201 981 2250; x_wconf 89' lang='lat' dir='ltr'><strong>armorum</strong></span> <span class='ocrx_word' id='word_1_99' title='bbox 1014 2183 1263 2274; x_wconf 77' lang='lat' dir='ltr'><strong>(lilii-1079)</strong></span> <span class='ocrx_word' id='word_1_100' title='bbox 1297 2192 1481 2255; x_wconf 87' lang='lat' dir='ltr'><strong>nautarum</strong></span> 
     </span>
     <span class='ocr_line' id='line_1_15' title="bbox 292 2306 1482 2394; baseline 0.002 -18"><span class='ocrx_word' id='word_1_101' title='bbox 292 2314 459 2377; x_wconf 88' lang='lat' dir='ltr'><strong>tectorum</strong></span> <span class='ocrx_word' id='word_1_102' title='bbox 501 2309 720 2375; x_wconf 85' lang='lat' dir='ltr'><strong>securitatem</strong></span> <span class='ocrx_word' id='word_1_103' title='bbox 759 2306 1011 2394; x_wconf 76' lang='lat' dir='ltr'><strong>(loce-1087)</strong></span> <span class='ocrx_word' id='word_1_104' title='bbox 1052 2309 1239 2381; x_wconf 84' lang='lat' dir='ltr'><strong>illustravit</strong></span> <span class='ocrx_word' id='word_1_105' title='bbox 1272 2311 1482 2394; x_wconf 85' lang='lat' dir='ltr'><strong>Apollonius.</strong></span> 
     </span>
     <span class='ocr_line' id='line_1_16' title="bbox 293 2433 1481 2517; baseline -0.002 -15"><span class='ocrx_word' id='word_1_106' title='bbox 293 2435 385 2517; x_wconf 78' lang='lat' dir='ltr'><strong>Quae</strong></span> <span class='ocrx_word' id='word_1_107' title='bbox 417 2436 535 2501; x_wconf 85' lang='lat' dir='ltr'><strong>autem</strong></span> <span class='ocrx_word' id='word_1_108' title='bbox 569 2433 663 2499; x_wconf 88' lang='lat' dir='ltr'><strong>salus</strong></span> <span class='ocrx_word' id='word_1_109' title='bbox 696 2435 772 2499; x_wconf 91' lang='lat' dir='ltr'><strong>erat</strong></span> <span class='ocrx_word' id='word_1_110' title='bbox 804 2433 861 2500; x_wconf 92' lang='lat' dir='ltr'><strong>illa</strong></span> <span class='ocrx_word' id='word_1_111' title='bbox 894 2450 915 2499; x_wconf 90' lang='lat' dir='ltr'><strong>a</strong></span> <span class='ocrx_word' id='word_1_112' title='bbox 945 2435 1072 2502; x_wconf 92' lang='lat' dir='ltr'><strong>Phineo</strong></span> <span class='ocrx_word' id='word_1_113' title='bbox 1094 2437 1243 2517; x_wconf 87' lang='lat' dir='ltr'><strong>graviter</strong></span> <span class='ocrx_word' id='word_1_114' title='bbox 1265 2435 1481 2502; x_wconf 82' lang='lat' dir='ltr'><strong>monstrato?</strong></span> 
     </span>
     <span class='ocr_line' id='line_1_17' title="bbox 292 2555 1485 2640; baseline 0 -16"><span class='ocrx_word' id='word_1_115' title='bbox 292 2557 409 2624; x_wconf 82' lang='lat' dir='ltr'><strong>Phrixi</strong></span> <span class='ocrx_word' id='word_1_116' title='bbox 441 2556 502 2623; x_wconf 89' lang='lat' dir='ltr'><strong>filii</strong></span> <span class='ocrx_word' id='word_1_117' title='bbox 523 2574 546 2622; x_wconf 87' lang='lat' dir='ltr'><strong>a</strong></span> <span class='ocrx_word' id='word_1_118' title='bbox 567 2555 720 2623; x_wconf 87' lang='lat' dir='ltr'><strong>colchide</strong></span> <span class='ocrx_word' id='word_1_119' title='bbox 742 2556 986 2626; x_wconf 79' lang='lat' dir='ltr'><strong>Orchomenum</strong></span> <span class='ocrx_word' id='word_1_120' title='bbox 1010 2560 1150 2640; x_wconf 85' lang='lat' dir='ltr'><strong>proiecti</strong></span> <span class='ocrx_word' id='word_1_121' title='bbox 1172 2564 1212 2626; x_wconf 88' lang='lat' dir='ltr'><strong>ut</strong></span> <span class='ocrx_word' id='word_1_122' title='bbox 1235 2560 1384 2640; x_wconf 87' lang='lat' dir='ltr'><strong>patrium</strong></span> <span class='ocrx_word' id='word_1_123' title='bbox 1408 2560 1485 2624; x_wconf 89' lang='lat' dir='ltr'><strong>the·</strong></span> 
     </span>
     <span class='ocr_line' id='line_1_18' title="bbox 292 2681 1482 2764; baseline 0 -14"><span class='ocrx_word' id='word_1_124' title='bbox 292 2699 431 2750; x_wconf 80' lang='lat' dir='ltr'><strong>sautum</strong></span> <span class='ocrx_word' id='word_1_125' title='bbox 453 2684 669 2764; x_wconf 87' lang='lat' dir='ltr'><strong>occuparent,</strong></span> <span class='ocrx_word' id='word_1_126' title='bbox 688 2681 902 2763; x_wconf 77' lang='lat' dir='ltr'><strong>naufragium</strong></span> <span class='ocrx_word' id='word_1_127' title='bbox 921 2684 1071 2749; x_wconf 85' lang='lat' dir='ltr'><strong>fecerant</strong></span> <span class='ocrx_word' id='word_1_128' title='bbox 1089 2699 1190 2764; x_wconf 90' lang='lat' dir='ltr'><strong>prope</strong></span> <span class='ocrx_word' id='word_1_129' title='bbox 1209 2684 1295 2749; x_wconf 88' lang='lat' dir='ltr'><strong>hanc</strong></span> <span class='ocrx_word' id='word_1_130' title='bbox 1314 2683 1482 2763; x_wconf 86' lang='lat' dir='ltr'><strong>insulam,</strong></span> 
     </span>
     <span class='ocr_line' id='line_1_19' title="bbox 293 2805 1480 2889; baseline -0.003 -17"><span class='ocrx_word' id='word_1_131' title='bbox 293 2808 351 2873; x_wconf 90' lang='lat' dir='ltr'><strong>ubi</strong></span> <span class='ocrx_word' id='word_1_132' title='bbox 381 2806 600 2888; x_wconf 82' lang='lat' dir='ltr'><strong>Argonautae</strong></span> <span class='ocrx_word' id='word_1_133' title='bbox 632 2805 667 2870; x_wconf 93' lang='lat' dir='ltr'><strong>in</strong></span> <span class='ocrx_word' id='word_1_134' title='bbox 701 2821 760 2870; x_wconf 86' lang='lat' dir='ltr'><strong>eos</strong></span> <span class='ocrx_word' id='word_1_135' title='bbox 791 2805 943 2872; x_wconf 92' lang='lat' dir='ltr'><strong>omnium</strong></span> <span class='ocrx_word' id='word_1_136' title='bbox 977 2823 1091 2874; x_wconf 87' lang='lat' dir='ltr'><strong>rerum</strong></span> <span class='ocrx_word' id='word_1_137' title='bbox 1125 2823 1248 2889; x_wconf 93' lang='lat' dir='ltr'><strong>egenos</strong></span> <span class='ocrx_word' id='word_1_138' title='bbox 1276 2807 1480 2874; x_wconf 88' lang='lat' dir='ltr'><strong>inciderunt.</strong></span> 
     </span>
     <span class='ocr_line' id='line_1_20' title="bbox 293 2926 1480 3016; baseline 0.003 -21"><span class='ocrx_word' id='word_1_139' title='bbox 293 2929 503 3011; x_wconf 79' lang='lat' dir='ltr'><strong>Quamquam</strong></span> <span class='ocrx_word' id='word_1_140' title='bbox 536 2928 652 2994; x_wconf 84' lang='lat' dir='ltr'><strong>Phrixi</strong></span> <span class='ocrx_word' id='word_1_141' title='bbox 685 2928 746 2994; x_wconf 89' lang='lat' dir='ltr'><strong>tilii</strong></span> <span class='ocrx_word' id='word_1_142' title='bbox 771 2926 815 3014; x_wconf 88' lang='lat'><strong>1),</strong></span> <span class='ocrx_word' id='word_1_143' title='bbox 850 2930 972 3010; x_wconf 86' lang='lat' dir='ltr'><strong>quibus</strong></span> <span class='ocrx_word' id='word_1_144' title='bbox 1003 2931 1139 2996; x_wconf 90' lang='lat' dir='ltr'><strong>uomina</strong></span> <span class='ocrx_word' id='word_1_145' title='bbox 1162 2932 1243 2997; x_wconf 89' lang='lat' dir='ltr'><strong>sunt</strong></span> <span class='ocrx_word' id='word_1_146' title='bbox 1266 2930 1480 3016; x_wconf 78' lang='lat' dir='ltr'><strong>Cytissorue,</strong></span> 
     </span>
     <span class='ocr_line' id='line_1_21' title="bbox 294 3053 1482 3137; baseline 0.003 -19"><span class='ocrx_word' id='word_1_147' title='bbox 294 3054 471 3136; x_wconf 85' lang='lat' dir='ltr'><strong>Phrontis,</strong></span> <span class='ocrx_word' id='word_1_148' title='bbox 493 3053 614 3132; x_wconf 71' lang='lat' dir='ltr'><strong>MelaS,</strong></span> <span class='ocrx_word' id='word_1_149' title='bbox 636 3054 769 3136; x_wconf 87' lang='lat' dir='ltr'><strong>Argus,</strong></span> <span class='ocrx_word' id='word_1_150' title='bbox 793 3054 927 3134; x_wconf 88' lang='lat' dir='ltr'><strong>magnis</strong></span> <span class='ocrx_word' id='word_1_151' title='bbox 949 3053 1078 3120; x_wconf 88' lang='lat' dir='ltr'><strong>Iasonis</strong></span> <span class='ocrx_word' id='word_1_152' title='bbox 1100 3056 1194 3121; x_wconf 88' lang='lat' dir='ltr'><strong>ausis</strong></span> <span class='ocrx_word' id='word_1_153' title='bbox 1217 3057 1482 3137; x_wconf 82' lang='lat' dir='ltr'><strong>obstupuerunt,</strong></span> 
     </span>
     <span class='ocr_line' id='line_1_22' title="bbox 293 3177 1480 3260; baseline 0 -15"><span class='ocrx_word' id='word_1_154' title='bbox 293 3179 510 3245; x_wconf 88' lang='lat' dir='ltr'><strong>nihilominus</strong></span> <span class='ocrx_word' id='word_1_155' title='bbox 537 3177 737 3258; x_wconf 88' lang='lat' dir='ltr'><strong>profitentur</strong></span> <span class='ocrx_word' id='word_1_156' title='bbox 766 3194 804 3242; x_wconf 91' lang='lat' dir='ltr'><strong>se</strong></span> <span class='ocrx_word' id='word_1_157' title='bbox 834 3180 1008 3260; x_wconf 87' lang='lat' dir='ltr'><strong>promptos</strong></span> <span class='ocrx_word' id='word_1_158' title='bbox 1035 3195 1112 3244; x_wconf 86' lang='lat' dir='ltr'><strong>esse</strong></span> <span class='ocrx_word' id='word_1_159' title='bbox 1135 3179 1176 3244; x_wconf 87' lang='lat' dir='ltr'><strong>ad</strong></span> <span class='ocrx_word' id='word_1_160' title='bbox 1202 3179 1276 3244; x_wconf 91' lang='lat' dir='ltr'><strong>eius</strong></span> <span class='ocrx_word' id='word_1_161' title='bbox 1297 3179 1410 3246; x_wconf 80' lang='lat' dir='ltr'><strong>audax</strong></span> <span class='ocrx_word' id='word_1_162' title='bbox 1432 3179 1480 3245; x_wconf 91' lang='lat' dir='ltr'><strong>in·</strong></span> 
     </span>
     <span class='ocr_line' id='line_1_23' title="bbox 292 3301 1483 3388; baseline -0.002 -18"><span class='ocrx_word' id='word_1_163' title='bbox 292 3307 429 3388; x_wconf 87' lang='lat' dir='ltr'><strong>ceptum</strong></span> <span class='ocrx_word' id='word_1_164' title='bbox 450 3302 688 3369; x_wconf 86' lang='lat' dir='ltr'><strong>adiuvandum.</strong></span> <span class='ocrx_word' id='word_1_165' title='bbox 712 3301 820 3383; x_wconf 78' lang='lat' dir='ltr'><strong>Quam</strong></span> <span class='ocrx_word' id='word_1_166' title='bbox 844 3305 953 3368; x_wconf 86' lang='lat' dir='ltr'><strong>totam</strong></span> <span class='ocrx_word' id='word_1_167' title='bbox 976 3301 1219 3384; x_wconf 88' lang='lat' dir='ltr'><strong>digressionem</strong></span> <span class='ocrx_word' id='word_1_168' title='bbox 1237 3302 1398 3370; x_wconf 83' lang='lat' dir='ltr'><strong>Valerius</strong></span> <span class='ocrx_word' id='word_1_169' title='bbox 1416 3303 1483 3370; x_wconf 88' lang='lat' dir='ltr'><strong>alio</strong></span> 
     </span>
     <span class='ocr_line' id='line_1_24' title="bbox 293 3424 1479 3506; baseline -0.001 -14"><span class='ocrx_word' id='word_1_170' title='bbox 293 3443 406 3494; x_wconf 90' lang='lat' dir='ltr'><strong>rerum</strong></span> <span class='ocrx_word' id='word_1_171' title='bbox 427 3427 463 3492; x_wconf 94' lang='lat' dir='ltr'><strong>in</strong></span> <span class='ocrx_word' id='word_1_172' title='bbox 485 3424 639 3492; x_wconf 85' lang='lat' dir='ltr'><strong>colchide</strong></span> <span class='ocrx_word' id='word_1_173' title='bbox 661 3428 835 3506; x_wconf 88' lang='lat' dir='ltr'><strong>gestarum</strong></span> <span class='ocrx_word' id='word_1_174' title='bbox 854 3424 969 3491; x_wconf 90' lang='lat' dir='ltr'><strong>ordine</strong></span> <span class='ocrx_word' id='word_1_175' title='bbox 981 3427 1149 3506; x_wconf 88' lang='lat' dir='ltr'><strong>proposito</strong></span> <span class='ocrx_word' id='word_1_176' title='bbox 1160 3427 1285 3491; x_wconf 84' lang='lat' dir='ltr'><strong>omisit</strong></span> <span class='ocrx_word' id='word_1_177' title='bbox 1307 3425 1479 3492; x_wconf 91' lang='lat' dir='ltr'><strong>Damnum</strong></span> 
     </span>
     <span class='ocr_line' id='line_1_25' title="bbox 293 3548 1481 3633; baseline -0.001 -16"><span class='ocrx_word' id='word_1_178' title='bbox 293 3553 484 3633; x_wconf 79' lang='lat' dir='ltr'><strong>praeterea,</strong></span> <span class='ocrx_word' id='word_1_179' title='bbox 508 3565 573 3630; x_wconf 91' lang='lat' dir='ltr'><strong>quo</strong></span> <span class='ocrx_word' id='word_1_180' title='bbox 589 3548 705 3614; x_wconf 88' lang='lat' dir='ltr'><strong>afflicti</strong></span> <span class='ocrx_word' id='word_1_181' title='bbox 716 3552 814 3614; x_wconf 89' lang='lat' dir='ltr'><strong>erant</strong></span> <span class='ocrx_word' id='word_1_182' title='bbox 825 3549 1042 3630; x_wconf 85' lang='lat' dir='ltr'><strong>Argonautae</strong></span> <span class='ocrx_word' id='word_1_183' title='bbox 1054 3553 1163 3616; x_wconf 91' lang='lat' dir='ltr'><strong>morte</strong></span> <span class='ocrx_word' id='word_1_184' title='bbox 1173 3549 1314 3632; x_wconf 78' lang='lat' dir='ltr'><strong>Tiphyis</strong></span> <span class='ocrx_word' id='word_1_185' title='bbox 1326 3553 1364 3616; x_wconf 90' lang='lat' dir='ltr'><strong>et</strong></span> <span class='ocrx_word' id='word_1_186' title='bbox 1374 3550 1481 3616; x_wconf 85' lang='lat' dir='ltr'><strong>Idmo</strong></span> 
     </span>
     <span class='ocr_line' id='line_1_26' title="bbox 294 3671 1479 3759; baseline -0.003 -17"><span class='ocrx_word' id='word_1_187' title='bbox 294 3676 365 3759; x_wconf 88' lang='lat' dir='ltr'><strong>nis,</strong></span> <span class='ocrx_word' id='word_1_188' title='bbox 399 3675 556 3742; x_wconf 89' lang='lat' dir='ltr'><strong>reficiunt</strong></span> <span class='ocrx_word' id='word_1_189' title='bbox 587 3673 686 3739; x_wconf 89' lang='lat' dir='ltr'><strong>sociis</strong></span> <span class='ocrx_word' id='word_1_190' title='bbox 717 3688 848 3754; x_wconf 85' lang='lat' dir='ltr'><strong>quoque</strong></span> <span class='ocrx_word' id='word_1_191' title='bbox 878 3672 958 3738; x_wconf 89' lang='lat' dir='ltr'><strong>olim</strong></span> <span class='ocrx_word' id='word_1_192' title='bbox 981 3671 1162 3739; x_wconf 89' lang='lat' dir='ltr'><strong>Herculem</strong></span> <span class='ocrx_word' id='word_1_193' title='bbox 1185 3673 1314 3740; x_wconf 88' lang='lat' dir='ltr'><strong>secutis</strong></span> <span class='ocrx_word' id='word_1_194' title='bbox 1337 3674 1401 3740; x_wconf 89' lang='lat' dir='ltr'><strong>sibi</strong></span> <span class='ocrx_word' id='word_1_195' title='bbox 1424 3673 1479 3741; x_wconf 85' lang='lat' dir='ltr'><strong>ad-</strong></span> 
     </span>
     <span class='ocr_line' id='line_1_27' title="bbox 294 3799 429 3864; baseline 0.015 -2"><span class='ocrx_word' id='word_1_196' title='bbox 294 3799 429 3864; x_wconf 86' lang='lat' dir='ltr'><strong>iunctis.</strong></span> 
     </span>
    </p>
   </div>
   <div class='ocr_carea' id='block_1_3' title="bbox 335 4009 1478 4085">
    <p class='ocr_par' dir='ltr' id='par_1_3' title="bbox 335 4009 1478 4085">
     <span class='ocr_line' id='line_1_28' title="bbox 335 4009 1478 4085; baseline -0.003 -16"><span class='ocrx_word' id='word_1_197' title='bbox 335 4012 365 4085; x_wconf 93' lang='lat'><strong>1)</strong></span> <span class='ocrx_word' id='word_1_198' title='bbox 392 4011 434 4070; x_wconf 86' lang='lat' dir='ltr'><strong>Cf.</strong></span> <span class='ocrx_word' id='word_1_199' title='bbox 461 4011 575 4070; x_wconf 84' lang='lat' dir='ltr'><strong>Hesiodi</strong></span> <span class='ocrx_word' id='word_1_200' title='bbox 603 4010 704 4083; x_wconf 76' lang='lat' dir='ltr'><strong>fragm</strong></span> <span class='ocrx_word' id='word_1_201' title='bbox 733 4009 799 4069; x_wconf 81' lang='lat' dir='ltr'><strong>xci</strong></span> <span class='ocrx_word' id='word_1_202' title='bbox 818 4009 862 4068; x_wconf 85' lang='lat' dir='ltr'><strong>ed.</strong></span> <span class='ocrx_word' id='word_1_203' title='bbox 883 4009 1025 4083; x_wconf 79' lang='lat' dir='ltr'><strong>Goettling</strong></span> <span class='ocrx_word' id='word_1_204' title='bbox 1044 4013 1073 4068; x_wconf 85' lang='lat' dir='ltr'><strong>et</strong></span> <span class='ocrx_word' id='word_1_205' title='bbox 1092 4010 1181 4068; x_wconf 90' lang='lat' dir='ltr'><strong>Schol.</strong></span> <span class='ocrx_word' id='word_1_206' title='bbox 1202 4009 1298 4084; x_wconf 82' lang='lat' dir='ltr'><strong>Apoll.</strong></span> <span class='ocrx_word' id='word_1_207' title='bbox 1320 4010 1353 4069; x_wconf 91' lang='lat' dir='ltr'><strong>H</strong></span> <span class='ocrx_word' id='word_1_208' title='bbox 1373 4031 1384 4068; x_wconf 71' lang='grc' dir='ltr'><strong>ι.</strong></span> <span class='ocrx_word' id='word_1_209' title='bbox 1404 4009 1478 4068; x_wconf 83' lang='grc'><strong>1123</strong></span> 
     </span>
    </p>
   </div>
   <div class='ocr_carea' id='block_1_4' title="bbox 289 4109 1486 4376">
    <p class='ocr_par' dir='ltr' id='par_1_4' title="bbox 289 4109 1486 4376">
     <span class='ocr_line' id='line_1_29' title="bbox 289 4109 1486 4178; baseline -0.004 -12"><span class='ocrx_word' id='word_1_210' title='bbox 289 4115 351 4173; x_wconf 74' lang='grc' dir='ltr'><strong>τοῦς</strong></span> <span class='ocrx_word' id='word_1_211' title='bbox 375 4114 462 4178; x_wconf 56' lang='lat' dir='ltr'><strong>wizan</strong></span> <span class='ocrx_word' id='word_1_212' title='bbox 478 4113 582 4172; x_wconf 72' lang='grc' dir='ltr'><strong>παῖδας)</strong></span> <span class='ocrx_word' id='word_1_213' title='bbox 599 4113 769 4171; x_wconf 73' lang='grc' dir='ltr'><strong>Ἀκουσίλαος</strong></span> <span class='ocrx_word' id='word_1_214' title='bbox 786 4110 815 4162; x_wconf 74' lang='grc' dir='ltr'><strong>δὲ</strong></span> <span class='ocrx_word' id='word_1_215' title='bbox 832 4111 877 4162; x_wconf 74' lang='grc' dir='ltr'><strong>καὶ</strong></span> <span class='ocrx_word' id='word_1_216' title='bbox 893 4109 1009 4171; x_wconf 78' lang='grc' dir='ltr'><strong>Ἡσίοδος</strong></span> <span class='ocrx_word' id='word_1_217' title='bbox 1030 4109 1055 4163; x_wconf 82' lang='grc' dir='ltr'><strong>ἓν</strong></span> <span class='ocrx_word' id='word_1_218' title='bbox 1071 4115 1129 4171; x_wconf 74' lang='grc' dir='ltr'><strong>ταῖς</strong></span> <span class='ocrx_word' id='word_1_219' title='bbox 1146 4113 1277 4176; x_wconf 74' lang='grc' dir='ltr'><strong>μεγάλαις</strong></span> <span class='ocrx_word' id='word_1_220' title='bbox 1292 4112 1390 4170; x_wconf 75' lang='grc' dir='ltr'><em>Ἠοίαις</em></span> <span class='ocrx_word' id='word_1_221' title='bbox 1406 4111 1486 4176; x_wconf 71' lang='grc' dir='ltr'><strong><em>φασὶν</em></strong></span> 
     </span>
     <span class='ocr_line' id='line_1_30' title="bbox 290 4199 1482 4274; baseline -0.003 -16"><span class='ocrx_word' id='word_1_222' title='bbox 290 4207 319 4273; x_wconf 74' lang='grc' dir='ltr'><strong>ἐξ</strong></span> <span class='ocrx_word' id='word_1_223' title='bbox 334 4205 475 4270; x_wconf 64' lang='lat' dir='ltr'><strong>’inprime</strong></span> <span class='ocrx_word' id='word_1_224' title='bbox 490 4209 537 4264; x_wconf 70' lang='grc' dir='ltr'><strong>τῆς</strong></span> <span class='ocrx_word' id='word_1_225' title='bbox 554 4206 667 4270; x_wconf 62' lang='grc' dir='ltr'><strong>Αἰήτου,</strong></span> <span class='ocrx_word' id='word_1_226' title='bbox 684 4205 727 4256; x_wconf 73' lang='grc' dir='ltr'><strong>καὶ</strong></span> <span class='ocrx_word' id='word_1_227' title='bbox 743 4199 816 4264; x_wconf 76' lang='grc' dir='ltr'><strong><em>οὗτος</em></strong></span> <span class='ocrx_word' id='word_1_228' title='bbox 833 4204 880 4267; x_wconf 75' lang='grc' dir='ltr'><strong>μέν</strong></span> <span class='ocrx_word' id='word_1_229' title='bbox 896 4211 973 4268; x_wconf 65' lang='lat' dir='ltr'><strong>pecco</strong></span> <span class='ocrx_word' id='word_1_230' title='bbox 990 4203 1083 4264; x_wconf 71' lang='grc' dir='ltr'>αὐτοὺς</span> <span class='ocrx_word' id='word_1_231' title='bbox 1100 4204 1227 4270; x_wconf 72' lang='grc' dir='ltr'><strong>τέσσαρας</strong></span> <span class='ocrx_word' id='word_1_232' title='bbox 1243 4206 1352 4274; x_wconf 67' lang='grc' dir='ltr'><strong><em>Ἄργον,</em></strong></span> <span class='ocrx_word' id='word_1_233' title='bbox 1369 4208 1482 4270; x_wconf 71' lang='grc' dir='ltr'><strong>Φρόντιν,</strong></span> 
     </span>
     <span class='ocr_line' id='line_1_31' title="bbox 292 4303 957 4376; baseline -0.002 -18"><span class='ocrx_word' id='word_1_234' title='bbox 292 4307 406 4372; x_wconf 74' lang='grc' dir='ltr'><strong>Μέλανα,</strong></span> <span class='ocrx_word' id='word_1_235' title='bbox 423 4310 567 4371; x_wconf 71' lang='grc' dir='ltr'><strong><em>Κυτίσωρον</em></strong></span> <span class='ocrx_word' id='word_1_236' title='bbox 582 4306 707 4370; x_wconf 70' lang='grc' dir='ltr'><strong>(Κύτωρον</strong></span> <span class='ocrx_word' id='word_1_237' title='bbox 725 4303 816 4362; x_wconf 82' lang='lat' dir='ltr'><strong>Schol.</strong></span> <span class='ocrx_word' id='word_1_238' title='bbox 837 4303 924 4376; x_wconf 70' lang='lat' dir='ltr'><strong>Pan).</strong></span> <span class='ocrx_word' id='word_1_239' title='bbox 953 4321 957 4328; x_wconf 85' lang='lat'>&#39;</span> 
     </span>
    </p>
   </div>
   <div class='ocr_carea' id='block_1_5' title="bbox 0 0 1658 5067">
    <p class='ocr_par' dir='ltr' id='par_1_5' title="bbox 0 0 1658 5067">
     <span class='ocr_line' id='line_1_32' title="bbox 0 0 1658 5067; baseline 0 0"><span class='ocrx_word' id='word_1_240' title='bbox 0 0 1658 5067; x_wconf 95' lang='lat' dir='ltr'><strong> </strong></span> 
     </span>
    </p>
   </div>
  </div>
 </body>
</html>
