3300 5067
745 539 790 608 83

173 736 417 819 temingerens
427 737 459 803 ei
470 736 603 802 crimini
614 736 690 820 dat,
709 735 797 819 quod
809 739 956 803 matrem
967 736 1174 819 Argonautis
1185 737 1358 805 faventem

173 859 325 928 offendit.
348 859 420 942 Qua
439 877 541 927 causa
558 878 579 926 a
597 860 802 928 Graecorum
820 862 998 943 partestet
1020 863 1081 927 aut
1092 877 1157 944 qno
1168 859 1361 928 inrevellus

174 982 277 1048 sociis
295 982 460 1063 vindicet,
481 1001 548 1050 non
568 984 707 1067 exponit
723 983 892 1066 Minerva,
916 982 998 1049 dum
1016 983 1153 1068 Perses,
1175 984 1257 1050 deae
1275 983 1360 1049 invi·

176 1125 252 1185 sus,
276 1123 377 1188 quem
399 1105 490 1173 Mars
512 1107 603 1190 ipse,
627 1107 681 1174 cui
703 1107 813 1174 vellus
836 1125 970 1175 sacrum
993 1111 1066 1186 est,
1088 1107 1265 1174 adiuturus
1287 1111 1359 1188 est,

175 1229 349 1298 sacerdote
371 1234 508 1297 auctore
525 1232 658 1299 Aeeten
680 1232 837 1299 hortatus
856 1236 970 1300 estut
990 1230 1093 1299 fataie
1104 1230 1212 1297 vellus
1223 1229 1361 1296 Graecis

174 1355 263 1422 dono
282 1355 388 1422 daret.
408 1354 531 1422 Mirum
549 1371 682 1437 quoque
693 1357 846 1438 estquod
858 1357 1009 1424 Minerva
1021 1355 1246 1423 bellicausam
1258 1354 1359 1421 Marti

175 1481 371 1564 exprobrat,
402 1496 481 1546 cum
510 1480 602 1546 nullo
630 1479 769 1547 deorum
798 1481 995 1548 interventu
1023 1481 1142 1548 Perses
1164 1479 1200 1546 in
1222 1479 1360 1546 exilium

176 1605 307 1672 eiectus
327 1602 453 1670 bellum
478 1603 633 1671 moverit

221 1728 385 1794 Precatur
406 1726 526 1794 deinde
548 1727 664 1795 Iovem
685 1728 853 1812 Minerva,
878 1731 944 1796 666
964 1746 1050 1811 seq.:

579 1852 622 1918 da
643 1852 785 1937 vellera,
807 1856 935 1937 rector,

312 1981 348 2043 et
370 1975 480 2044 medio
502 1991 565 2042 nos
587 1992 686 2042 cerne
709 1976 804 2042 man'.
829 1976 922 2058 Quod
946 1977 998 2043 sin
1022 1993 1063 2044 ea
1084 1977 1217 2045 Mavors

312 2102 458 2183 abnegat
478 2103 515 2167 et
537 2098 629 2166 solus
650 2100 777 2166 nostris
799 2100 976 2167 sudoribus
1001 2098 1033 2183 1)
1055 2102 1188 2180 obstat,

313 2226 437 2293 ibimus
458 2225 630 2291 indecores
651 2223 843 2305 frustraque
866 2225 919 2291 tot
941 2241 1085 2306 aequora
1106 2226 1252 2293 vectae?

221 2351 273 2417 At
295 2350 444 2433 Iuppiter
465 2347 644 2415 intersedit
666 2352 703 2415 et
724 2365 847 2431 magna
869 2348 905 2414 vi
926 2346 1078 2431 deposcit
1098 2365 1142 2415 ne
1163 2348 1284 2415 Perses
1306 2349 1360 2416 de

177 2476 335 2542 vincatur
368 2489 477 2555 neque
511 2489 601 2538 vana
630 2474 780 2539 retentet
810 2487 889 2554 spes
919 2468 1054 2553 Minyas
1082 2472 1228 2538 finemve
1252 2472 1360 2538 velint

177 2601 348 2681 imponere
377 2597 480 2664 bello:
514 2597 550 2662 in
584 2596 665 2663 fatis
694 2596 786 2663 enim
808 2611 884 2661 esse
906 2596 1038 2662 Aeeten
1061 2612 1082 2661 a
1104 2595 1207 2662 Perse
1230 2597 1360 2663 victum

178 2723 332 2791 Medeam
365 2720 545 2788 eGraecia
565 2720 766 2787 redeuntem
787 2720 823 2785 in
845 2735 988 2802 regnum
1010 2718 1251 2786 restituturam
1274 2736 1359 2786 esse.

178 2847 229 2914 De
254 2848 318 2913 hac
339 2845 478 2913 deorum
499 2845 656 2912 concione
678 2842 946 2911 animadvertere
967 2841 1072 2909 velim
1094 2841 1204 2909 Solem
1227 2845 1359 2926 patrem

179 2972 345 3055 Aeetam,
367 2969 425 3051 qui
447 2970 482 3036 in
504 2969 643 3035 tantum
664 2967 845 3035 discrimen
867 2971 1034 3036 venturus
1056 2967 1121 3052 sit,
1140 2984 1207 3035 non
1226 2966 1362 3035 tamde-

179 3095 325 3163 iendere.
366 3093 406 3159 In
440 3091 566 3159 Valerii
600 3092 748 3160 carmine
781 3093 954 3160 coelicolae
988 3091 1118 3174 proprie
1153 3094 1292 3161 umbrae
1325 3095 1361 3160 et

179 3235 299 3287 manes
324 3218 453 3300 priscas
474 3215 668 3298 dignitate,
691 3216 765 3283 sine
788 3217 855 3285 ullo
878 3218 992 3300 vigore
1015 3220 1051 3283 et
1073 3218 1293 3299 auctoritate,
1318 3235 1361 3284 ne

180 3360 261 3410 suas
290 3340 424 3423 quidem
458 3356 578 3407 causas
600 3337 777 3405 defendere
799 3340 934 3423 valent,
956 3341 997 3405 ut
1020 3338 1199 3423 Neptunus
1221 3341 1257 3406 in
1278 3339 1360 3407 libro

179 3467 288 3551 primo
311 3467 347 3531 et
369 3463 425 3532 Sol
446 3465 482 3531 in
504 3465 567 3530 hac
589 3463 762 3531 concione:
785 3464 856 3532 fato
878 3466 915 3531 et
936 3465 1026 3532 Iovis
1044 3465 1181 3533 arbitrio
1200 3464 1359 3531 subiectis

179 3591 263 3659 nihil
286 3589 392 3658 divini
414 3606 523 3671 neque
545 3589 685 3656 humani
709 3592 864 3672 superest
886 3587 953 3654 nisi
975 3588 1025 3655 ira
1048 3593 1084 3655 st
1106 3588 1246 3655 fallacia.

222 3715 263 3781 In
293 3714 355 3780 hoc
379 3713 483 3796 igitur
504 3712 622 3794 quinto
644 3710 727 3779 libro
748 3710 905 3780 Valerius
927 3713 1060 3796 partem
1081 3711 1223 3797 itineris,
1245 3712 1360 3795 appui·

178 3857 258 3908 snm
291 3839 327 3905 in
359 3836 566 3914 colchidem,
599 3836 745 3918 primum
778 3836 907 3926 Iasonis
929 3841 966 3904 et
987 3835 1123 3902 Medeae
1146 3851 1357 3913 concursum,

217 4074 249 4147 l)
269 4071 384 4131 insulsa
403 4069 521 4128 imitatio
540 4068 639 4128 Iliadis
658 4067 677 4126 2
698 4088 706 4128 ε
726 4066 897 4128 388-390.

80 4157 83 4161 ¹
425 4171 521 4237 ἱδρόσσι
538 4171 585 4236 μέν
601 4189 648 4223 τιν
664 4172 783 4234 nupsi
800 4170 868 4235 ἀμφὶ
885 4169 1026 4231 στήθεσσιν

427 4264 532 4324 medos
549 4265 722 4331 ἀμφιβρότης,
739 4264 796 4329 περὶ
813 4263 918 4328 δ”ίγχϊὶ
934 4266 1011 4329 χεῖρα
1028 4264 1149 4326 καμεῖται

426 4356 520 4422 ἱδρόσει
537 4356 566 4408 δέ
582 4375 629 4410 σιν
643 4359 721 4417 ἵππος
737 4355 821 4422 {disca
837 4357 903 4421 ὅρμα
920 4359 1047 4408 τιταίνων.
