3300 5067
899 462 944 525 44

331 650 481 733 Lemnus
521 668 616 718 saura
656 656 747 729 erat,
785 652 866 719 olim
907 670 929 719 a
966 655 1063 735 patre
1093 651 1272 719 mnhundo
1305 650 1347 717 de
1380 668 1531 718 summo

330 774 472 858 Olympo
505 775 673 842 deiectum
700 792 721 842 a
754 774 907 843 Sintibus
941 776 1134 843 hominibus
1168 779 1329 842 sanatum
1361 790 1446 840 esse
1482 790 1530 840 ne

331 916 399 964 uno
431 898 566 980 quidem
598 900 700 965 verbo
733 903 988 966 commemorat.
1021 900 1073 966 at
1101 904 1211 977 recte,
1243 897 1327 965 nihil
1359 914 1448 965 nam
1483 898 1528 963 ad

332 1024 572 1105 argumentum
603 1022 763 1104 pertinet.
796 1020 906 1103 Quam
935 1038 1008 1087 rem
1038 1023 1073 1088 in
1102 1020 1207 1087 Iliade
1239 1024 1271 1099 (1
1305 1042 1314 1087 :
1345 1019 1429 1106 590)
1462 1038 1530 1087 suo

332 1146 402 1212 loco
419 1145 575 1212 audimus
593 1144 785 1211 Vulcanum
807 1144 933 1211 referre
955 1146 1058 1211 matri
1079 1145 1283 1212 suadentem
1304 1162 1348 1211 ne
1368 1145 1525 1228 omnipo-

332 1270 420 1336 tenti
451 1268 523 1335 Iovi
555 1270 711 1337 resistat:
745 1286 784 1335 se
808 1270 901 1335 euim
923 1270 1047 1335 misere
1069 1269 1228 1335 audaciae
1250 1273 1370 1337 tantae
1392 1286 1527 1353 poenas

332 1394 473 1462 dedisse.
499 1394 666 1460 Carminis
687 1394 744 1460 lex
765 1398 802 1460 et
823 1392 912 1460 ratio
933 1410 1046 1460 rerum
1068 1394 1256 1461 Homerum
1274 1395 1337 1461 hoc
1347 1393 1525 1460 illustrare

332 1520 451 1603 coegit,
463 1522 503 1585 ut
512 1520 598 1585 bene
609 1518 699 1585 Iovis
710 1534 884 1584 summum
895 1518 1075 1601 imperium
1085 1518 1323 1600 intelhgamus.
1339 1516 1380 1583 ln
1390 1516 1522 1584 Valerii

332 1642 441 1709 Flacci
474 1642 711 1723 Argonautiois
744 1645 883 1709 tantum
915 1647 971 1708 est
1003 1642 1142 1708 doctum
1174 1642 1460 1722 addimentum,
1484 1644 1525 1704 ut

332 1768 450 1832 doceat
483 1763 551 1851 (res
583 1765 714 1848 longius
748 1782 855 1847 aequo
885 1764 1043 1851 repetita)
1075 1764 1227 1832 Vulcano
1256 1782 1389 1832 sacram
1412 1765 1522 1831 fuisse

332 1889 479 1954 insulam
512 1892 549 1953 et
577 1889 702 1955 incolas
725 1891 798 1955 tam
821 1906 921 1971 aegre
942 1888 1087 1955 Veneris
1109 1888 1266 1972 (Vulcani
1287 1888 1418 1971 uxoris)
1444 1904 1520 1954 cum

334 2012 441 2079 Marte
474 2014 692 2080 commissum
726 2012 929 2079 adulterium
962 2013 1101 2095 tuhsse,
1135 2016 1174 2078 ut
1211 2030 1308 2096 „arae
1329 2014 1362 2079 ei
1384 2026 1521 2092 semper

332 2136 471 2219 frigidae
493 2135 691 2203 steterint”.
715 2137 807 2219 Quae
829 2154 932 2203 causa
955 2135 988 2220 1)
1010 2137 1208 2204 fuitutiam
1218 2138 1521 2221 diuabiispoenas

334 2276 468 2327 sumere
490 2260 718 2327 meditaretm.
749 2260 835 2327 Ecce
853 2260 925 2327 Dea
943 2262 976 2344 2)
995 2260 1153 2327 lemnius
1169 2262 1315 2328 victores
1337 2260 1521 2327 redeuntes

333 2385 445 2452 videt:
468 2402 548 2452 nam
576 2385 669 2468 „dux
692 2384 810 2451 Lemni
831 2401 962 2468 puppes
981 2386 1077 2451 tenui
1096 2390 1277 2453 contexere
1295 2399 1519 2452 camaausus

333 2513 370 2576 et
391 2509 528 2577 inducto
549 2512 678 2575 cratem
700 2509 876 2576 defendere
898 2506 1014 2592 rugel
1038 2506 1101 2595 (οἰκ
1115 2508 1194 2595 109)
1215 2510 1361 2576 uhmces
1384 2523 1519 2593 aggres·

333 2652 394 2700 sus
427 2635 511 2700 erat.
544 2631 701 2698 Valerius
730 2648 796 2698 nou
827 2632 977 2716 neglexit
1010 2633 1279 2700 animadvertere
1301 2633 1517 2699 Lemniorum

334 2756 469 2839 navigia
501 2756 631 2839 proprie
664 2756 769 2821 luisse
791 2759 901 2834 rates,
922 2772 967 2821 ue
990 2759 1103 2823 totum
1125 2756 1256 2823 fabulae
1278 2759 1516 2839 argumentum

334 2880 426 2961 Argo
454 2878 560 2945 misse
582 2880 727 2961 primam
749 2896 893 2961 navem,
916 2880 989 2960 ipse
1011 2878 1237 2961 redargueret.
1258 2878 1379 2947 Venus
1401 2884 1516 2947 autem

334 3002 377 3066 ad
398 2999 555 3077 Famam,
579 3004 647 3069 iam
669 3004 921 3086 impatientem,
945 3003 1013 3069 iam
1035 3019 1136 3068 aures
1158 3004 1344 3085 erigentem
1366 3003 1514 3071 festinat.

334 3126 511 3203 conferas,
534 3128 563 3192 si
574 3128 802 3211 placet,hunc
815 3128 925 3193 locum
936 3127 1058 3193 veriori
1069 3134 1106 3192 et
1126 3127 1304 3209 pulchriori
1316 3124 1514 3211 expositioni

328 3336 413 3388 αῧτῦν
428 3334 579 3397 ἀποβάντας
594 3337 740 3399 μίσγεσθαι
757 3334 858 3393 druia
880 3340 1010 3401 Σοφοκλῆς
1026 3336 1056 3387 δὲ
1073 3335 1100 3387 ἓν
1116 3341 1241 3400 Λημνίαις
1256 3337 1302 3389 zai
1318 3333 1520 3406 μάχη-ἰσχυρὴ

329 3403 412 3462 ὠτὸς
428 3402 541 3463 συνάψαι
558 3406 645 3466 φησίν.

372 3476 550 3548 Argonautas
578 3491 597 3530 a
625 3472 787 3531 mulieribus
817 3474 929 3532 lascivis
959 3477 1067 3533 coactos
1096 3490 1156 3533 esse
1179 3474 1215 3532 ad
1241 3475 1370 3549 indignos
1396 3486 1513 3533 amores,

333 3554 479 3629 descriptio
498 3552 641 3611 fastidium
660 3569 773 3612 movens
792 3556 820 3612 et
840 3556 943 3613 metra!

373 3635 442 3693 Rem
471 3633 559 3707 igitur
587 3634 618 3690 in
647 3632 790 3691 satiricum
819 3636 848 3692 et
878 3633 1013 3693 comicum
1043 3637 1236 3707 argumentum
1266 3636 1303 3693 ab
1322 3629 1521 3700 ulmuhdmis

333 3714 421 3787 poetis
440 3730 548 3773 versam
567 3729 628 3773 esse
648 3712 729 3772 facile
749 3713 924 3788 intelligitur.
944 3713 1048 3773 domici
1067 3731 1176 3787 quoqne
1194 3715 1410 3789 Anatophanes,
1437 3713 1514 3773 Nico-

333 3794 443 3865 charos,
462 3794 639 3869 Antiphanes
659 3796 688 3852 et
706 3792 840 3867 Diphilus
858 3797 974 3859 Λημνίας
993 3793 1172 3868 scripserunt

376 3896 406 3977 1)
433 3900 587 3974 Erphoatio
606 3918 623 3959 a
642 3900 752 3959 Valerio
771 3900 838 3959 ficta
854 3900 948 3958 minus
969 3900 1065 3960 idonea
1084 3904 1128 3959 est
1142 3917 1189 3971 eo,
1206 3900 1279 3974 quod
1287 3901 1419 3959 mulieres
1433 3894 1513 3960 admi·

333 3980 437 4040 nistrae
454 3980 568 4039 Veneris
584 3981 674 4039 factae
689 3983 755 4039 sunt
771 3996 822 4040 nec
836 3997 888 4039 sua
898 3984 995 4054 sponte
1005 3980 1061 4039 iam
1071 3984 1168 4054 agunt.
1189 3980 1316 4039 Valerius
1325 3981 1420 4039 minus
1429 3990 1515 4039 neoce-

334 4061 408 4119 saria
424 4060 564 4135 adiunxit,
577 4060 670 4119 omisit
679 4078 751 4133 quae
760 4060 879 4120 maxime
890 4060 1085 4132 desideramus
1096 4064 1129 4119 nt
1139 4060 1283 4135 apparebit
1292 4078 1324 4119 ex
1335 4060 1512 4135 sequenhhus

374 4166 406 4239 2)
426 4166 545 4239 Lessing
559 4182 615 4224 non
631 4170 705 4225 recte
721 4183 785 4241 pag.
806 4166 864 4225 112
882 4169 954 4240 (cap.
972 4166 1060 4240 VIII)
1070 4167 1266 4225 hanoVeneris
1275 4170 1392 4225 taetram
1402 4164 1513 4241 speciem
1592 4195 1593 4222 l

334 4250 363 4307 et
382 4247 512 4306 scelestas
531 4250 637 4319 partes,
659 4262 729 4319 quas
748 4247 820 4321 agit,
839 4246 970 4305 defendit.
990 4246 1034 4305 Do
1052 4246 1163 4305 Baccho
1179 4247 1215 4306 of.
1225 4259 1290 4321 pag.
1302 4244 1361 4305 113
1371 4249 1445 4322 (cap.
1454 4241 1511 4311 IX)-
