3300 5067
736 518 780 582 79

210 713 310 780 Libro
331 712 379 778 III
401 712 596 788 487-509,
620 713 678 778 ubi
699 712 783 778 Iuno
799 712 973 778 Athenam
985 711 1149 778 eallidein
1162 703 1350 778 Col'ohid'em

163 839 303 903 amovet
313 840 355 903 ut
364 836 545 902 Herculem
556 835 646 903 malo
656 836 792 920 afliciat,
809 826 965 902 Valerius
978 835 1126 901 breviter
1137 835 1348 916 significavit,

163 960 274 1041 qualis
295 976 408 1026 rerum
430 964 544 1026 status
565 960 613 1026 sit
634 959 670 1025 in
692 961 822 1026 Aeetae
845 975 956 1040 regne.
979 958 1099 1024 Perses
1123 958 1214 1025 enirn
1237 975 1258 1024 a
1280 975 1352 1040 ger·

164 1100 267 1149 mano
299 1083 462 1164 expulsus
497 1086 533 1149 et
562 1084 657 1164 gravi
685 1084 735 1150 ira
762 1085 938 1166 incensus,
972 1083 1060 1164 quod
1083 1082 1199 1148 Medea
1222 1059 1353 1148 Albano

164 1208 253 1290 Tyro
286 1224 411 1290 sponsa
444 1211 535 1282 erat,
570 1206 691 1272 vicinis
719 1206 852 1289 populis
879 1207 922 1272 ad
945 1223 1040 1272 arma
1063 1207 1209 1286 vocatis,
1234 1207 1358 1272 urbem

164 1329 634 1415 oppugnamuvzuao-ata
642 1334 758 1397 narrat
768 1330 925 1398 Valerius
936 1331 1077 1413 Aeeten,
1089 1347 1191 1412 quem
1203 1300 1351 1396 Phrixus

165 1460 322 1522 mortuus
343 1455 432 1521 tueri
455 1458 606 1532 conatur,
624 1455 792 1522 monitum
809 1471 885 1521 esse
901 1455 1087 1537 periculum
1099 1455 1162 1520 siti
1173 1453 1351 1519 imminere

171 1583 295 1664 „rapta
317 1580 472 1660 soporato
494 1578 620 1645 fuerint
641 1596 720 1646 oum
743 1579 868 1644 vellera
891 1575 993 1645 luoo”
1014 1580 1050 1644 et
1072 1578 1141 1660 regi
1164 1577 1352 1644 cavendum

166 1720 244 1770 esse
262 1719 306 1768 ne
325 1701 442 1768 Medea
452 1701 547 1783 virgo
558 1702 593 1767 in
604 1703 717 1785 regnis
728 1704 880 1784 paternis
891 1705 1053 1786 maneret,
1067 1707 1104 1769 et
1114 1702 1231 1768 deinde
1243 1703 1350 1768 Aeeta

166 1827 314 1895 Martem
335 1831 511 1909 precante,
535 1843 681 1908 anguem
703 1845 724 1892 a
746 1827 895 1894 Caucaso
917 1828 1051 1910 lapsum
1070 1827 1171 1909 spiris
1182 1827 1350 1907 arborem,

167 1951 258 2017 unde
291 1950 391 2016 Marti
425 1953 597 2016 sacratum
630 1949 740 2016 vellus
769 1927 910 2018 aureum
936 1951 1114 2032 penderet,
1146 1949 1351 2032 implicuisse

167 2075 283 2158 procul
305 2074 347 2140 ad
365 2073 504 2140 Graium
516 2077 629 2141 orbem
640 2074 884 2168 respicientem.
908 2073 1000 2155 Quod
1012 2074 1212 2140 vaticinium
1223 2073 1353 2138 veritus

167 2203 352 2282 tyrannus
386 2199 441 2264 oui
475 2215 541 2264 non
575 2198 667 2280 vulgi
690 2215 770 2265 eura
791 2203 862 2276 est,
885 2202 1020 2265 recusat
1042 2199 1223 2280 quominus
1244 2197 1353 2263 vellus

167 2323 307 2390 exitiale
329 2325 365 2388 et
387 2322 574 2389 infaustum
596 2323 632 2387 in
654 2323 879 2390 Haemoniam
903 2325 1039 2405 mittat,
1057 2325 1097 2389 ut
1107 2321 1261 2387 sacerdos
1273 2337 1356 2385 eum·

167 2447 366 2513 adhortatur
399 2445 549 2527 auguriis
582 2449 619 2512 et
647 2447 808 2514 monstris
826 2447 1014 2514 minacibus
1035 2448 1151 2513 littura
1173 2444 1349 2511 coniciens.

167 2573 219 2638 At
240 2573 387 2656 Aeetes,
410 2572 566 2652 Persem,
590 2572 654 2640 sibi
678 2575 870 2656 proximum
893 2592 911 2640 e
931 2579 1085 2640 materno
1106 2573 1269 2652 sanguine
1286 2569 1351 2634 fra·

168 2700 277 2778 trem,
311 2697 397 2761 hanc
430 2696 595 2763 nefariam
628 2699 849 2779 pertinaciam
883 2698 1134 2779 vituperantem
1163 2693 1351 2760 interficere
1445 2697 1448 2702 '

169 2823 320 2886 conatur.
344 2819 465 2886 Perses
487 2820 605 2887 deinde
624 2821 759 2887 saucius
781 2821 896 2902 fugam
916 2822 1005 2902 petit
1028 2825 1064 2886 et
1086 2819 1206 2900 ingens
1229 2816 1352 2882 bellum
1412 2874 1415 2880 .

169 2945 287 3010 contra
310 2942 449 3010 fratrem
471 2945 547 3010 ciet.
570 2945 714 3010 Indutiis
736 2945 779 3010 ad
805 2946 932 3011 occisos
954 2945 1150 3011 cremandos
1172 2943 1272 3009 factis
1294 2941 1353 3006 ad·

169 3068 313 3132 veniunt
345 3068 562 3150 Argonautae
596 3066 811 3154 (uta-277).
846 3069 973 3135 Iunone
1007 3072 1043 3135 et
1066 3087 1202 3135 summa
1223 3067 1352 3148 virgine

169 3192 260 3259 Iovis
282 3191 418 3258 consilia
440 3193 561 3258 intima
582 3192 789 3259 sociantibus
801 3192 927 3274 placuit
939 3194 1043 3258 armis
1053 3193 1184 3258 Aeetae
1197 3191 1352 3258 accedere

169 3333 316 3398 eumque
337 3316 506 3382 adiuvare.
529 3317 699 3382 Minervae
720 3318 849 3383 veritae
871 3334 914 3383 ne
936 3335 997 3382 rex
1019 3318 1126 3382 socios
1149 3314 1353 3382 Haemonios

169 3441 332 3524 decipiat,
354 3441 528 3523 respondit
550 3441 633 3507 Iuno
657 3458 694 3507 se
717 3445 834 3508 contra
856 3459 935 3507 eum
958 3457 1038 3507 mox
1059 3421 1144 3506 alios
1166 3437 1353 3522 dolos‚alia

169 3582 247 3631 orsa
269 3568 439 3632 moturam
461 3581 546 3632 osse.
570 3564 657 3631 Vide
679 3558 920 3646 argumentum
942 3569 1136 3632 contortum
1159 3564 1195 3629 et
1217 3561 1353 3628 intrica-

169 3687 275 3755 tumi
297 3688 406 3771 Deae,
437 3690 588 3770 quaeat
610 3688 885 3769 Argonautarum
909 3691 1005 3769 pario
1029 3690 1140 3770 stant,
1164 3685 1269 3753 armis
1290 3683 1352 3748 ini-

170 3813 346 3879 micissimi
376 3813 486 3879 Iasoni
508 3813 613 3896 regis,
637 3829 699 3877 sua
722 3814 843 3894 sponte
865 3812 1103 3894 adiunguntur,
1126 3828 1169 3876 ne
1190 3807 1353 3891 potentis·
1458 3867 1462 3872 .

170 3938 335 4003 simarum
353 3937 491 4002 dearum
501 3953 563 4018 ope
575 3936 694 4002 Perses
705 3937 746 4001 de
754 3936 961 4017 Argonautis
972 3936 1147 4002 victoriam
1159 3933 1307 4015 reportet
1317 3931 1354 3996 et

170 4079 322 4130 amorem
333 4062 467 4129 Medeae
478 4063 513 4128 in
524 4063 679 4129 Iasonem
689 4077 936 4144 supervacuum
947 4059 1081 4125 reddat!
1102 4059 1252 4138 Deabus,
1268 4073 1353 4138 quas

170 4188 290 4254 adesse
311 4186 519 4266 Argonautis
540 4186 731 4268 antiquitus
749 4184 846 4250 dooet
856 4183 985 4266 fabula,
1005 4182 1087 4248 nihil
1098 4183 1164 4248 nisi
1175 4180 1266 4247 dolos
1277 4196 1353 4245 oon·

171 4303 1351 4391 texere,fallaciauti,opemPersisspernerefinxitValerius(278-295).
