3300 5067
610 484 614 499 ¹
740 466 801 532 107

222 657 361 734 Medeae
386 662 504 724 autem
527 661 640 726 corin
662 665 796 743 pectere
818 664 954 730 turbate
976 663 1166 746 agitabatur
1188 667 1229 730 ut
1250 661 1364 737 radius

170 800 222 850 ex
253 801 341 865 aqua
365 800 583 868 repercussus
597 786 639 852 in
662 786 800 853 aedibus
822 788 967 854 resultat
990 785 1194 871 (dae-760)
1214 787 1250 856 et
1271 786 1365 854 dubi-

169 908 276 973 tante
297 907 396 978 medo
418 912 534 976 utrum
558 909 780 978 medicamina
802 910 998 977 delinienda
1021 909 1079 976 det
1097 928 1213 986 necne,
1237 911 1365 991 etipsa

169 1035 313 1114 pereat,
337 1032 434 1099 mede
452 1048 497 1097 an
513 1037 615 1116 neget
626 1038 662 1100 et
673 1033 787 1114 quiete
800 1051 900 1100 suum
913 1033 1059 1120 pecierat
1072 1035 1218 1118 malum,
1238 1034 1366 1118 praese·

169 1154 320 1222 rendum
343 1155 479 1251 videaur
501 1156 645 1222 dedecus
667 1173 768 1223 suum
792 1159 828 1222 et
849 1157 978 1224 Iasonis
1000 1157 1101 1224 salus.
1126 1156 1251 1224 Deinde
1275 1174 1365 1240 mag·

170 1279 316 1347 nanima
337 1280 448 1363 puella
470 1280 641 1346 exclamat
663 1278 769 1359 ἐρρέσο
793 1277 900 1352 αἰδώς,

403 1401 507 1483 ἐρρέτω
532 1402 660 1480 αἰγλαιίη·
683 1400 748 1467 ἰδ’
773 1404 835 1484 ε’ρορῑ
859 1401 952 1480 ἰότητι
976 1402 1120 1478 ἰσαιιοθείς

402 1525 557 1604 αἰσκηθιὶς,
582 1525 630 1592 ἵνα
653 1527 678 1591 οἰ
700 1525 791 1608 θυμῷ
815 1526 922 1607 Φίλαν,
946 1524 1024 1593 ἔνθα
1046 1525 1147 1592 νέοιτο.

222 1626 343 1738 eponae
365 1653 435 1720 fore
457 1657 498 1720 ut
521 1670 561 1720 eo
583 1657 718 1720 servate
741 1669 832 1720 mers
856 1653 965 1721 solum
987 1654 1153 1720 malorum
1175 1652 1361 1720 remedium

171 1779 226 1844 sit
247 1778 328 1854 sibi,
358 1795 462 1859 quam
486 1795 529 1843 ne
552 1780 722 1845 mortuam
746 1776 880 1858 quidem
905 1777 1034 1843 vicinae
1056 1775 1088 1859 1)
1111 1775 1163 1858 (cf.
1188 1775 1265 1859 791)
1289 1793 1361 1843 cen-

170 1900 275 1967 viciis
285 1900 416 1968 laedere
427 1900 603 1967 desistant.
623 1899 731 1981 Quam
742 1916 822 1966 vero
834 1917 901 1966 nen
914 1917 1012 1966 suam
1024 1901 1200 1969 infamiam
1211 1901 1362 1968 daturam

170 2025 281 2091 esse?
313 2026 434 2092 melius
468 2027 533 2092 sibi
566 2042 643 2092 esse
673 2026 735 2092 hac
766 2025 840 2106 ipsa
863 2027 961 2090 necte
986 2024 1172 2107 relinquere
1194 2025 1304 2092 vitam
1328 2026 1363 2093 in

169 2151 338 2219 thalamis
371 2155 480 2218 morte
514 2150 702 2234 inopinata,
739 2148 828 2216 mala
861 2151 980 2232 probra
1009 2149 1122 2216 emnia
1144 2149 1362 2240 effugientem

171 2276 366 2343 744-802.

222 2401 267 2467 nt
298 2400 370 2469 abit
396 2418 510 2468 arcam
532 2401 690 2478 allatum,
724 2402 760 2469 in
782 2419 851 2484 qua
874 2401 983 2470 multa
1006 2401 1252 2468 medicamenta
1274 2401 1363 2466 saiu-

171 2524 264 2592 taria
286 2526 322 2590 et
343 2524 503 2606 pestifera
525 2523 694 2590 recondita
704 2530 812 2592 erant.
836 2524 908 2606 Qua
916 2525 1057 2608 genibus
1068 2525 1226 2608 imposita
1237 2524 1363 2591 lamen-

170 2651 252 2714 tata
273 2651 329 2714 est
350 2648 411 2714 sed
433 2665 603 2715 venenum
626 2647 848 2732 degustatum
867 2648 977 2732 puella
999 2648 1119 2732 gaudia
1141 2649 1233 2716 vitae
1255 2665 1362 2716 recer-

171 2773 277 2840 eatur
299 2771 365 2838 ace
389 2787 475 2854 sea:
575 2748 578 2754 ’

599 2875 685 2942 αἰλλοί
709 2877 735 2943 αἰ
761 2875 849 2958 ἄφνω

289 3001 372 3080 δεῖμ’
395 3001 475 3066 ίλαίν
498 3007 649 3082 στυγεροῖο
671 3025 755 3066 καιτοι
780 3003 895 3083 Φρένοις
919 2998 972 3077 εἰλί
996 3002 1116 3070 Ἀίδαο.

290 3125 402 3208 ἔσχετο
426 3125 605 3207 δἀἰρκφασίη
629 3126 710 3208 δηρὸν
732 3125 853 3207 χρόνον,
878 3125 966 3208 aad>
990 3128 1024 3192 δὲ
1046 3131 1147 3194 παίσαιι

289 3248 438 3329 θυμηδεῖς
461 3249 573 3327 βιότοιο
596 3250 758 3329 μεληδόνες
782 3251 966 3318 ἰνδοίλλοντο.

288 3375 424 3452 μνήσαιτο
448 3374 506 3453 μὲν
527 3380 675 3457 τερπνῶν,
699 3375 737 3449 σ’ς’
763 3378 804 3441 ε’νι
827 3374 927 3456 ζωοῖσι
951 3377 1115 3452 πέλονται,

288 3497 424 3575 μνήσαθ’
444 3498 600 3577 ὁμηλικίης
623 3498 823 3580 περιγηθέος,
848 3497 954 3566 οἷοίτε
977 3500 1071 3584 κούρη·

287 3622 343 3688 καιί
362 3623 397 3686 σε’
421 3623 446 3687 οἰ
467 3622 566 3696 ἠέλιος
587 3623 715 3700 γλυκίων
739 3624 840 3702 γένετ’
864 3623 1082 3707 εἰσοράασθαι,

288 3745 441 3828 ἣπαίρος,
466 3747 492 3812 εἰ
517 3747 599 3812 ε’τείν
619 3770 658 3825 γε
680 3746 730 3829 νίιρ
755 3747 924 3827 ἐπεμαίεθ’
950 3749 1078 3817 ἕκασται.

220 3875 311 3940 Arca
331 3873 483 3958 deposita
504 3875 614 3941 lucem
637 3881 754 3943 manet
776 3892 843 3943 nen
866 3876 936 3942 iam
946 3875 1103 3944 dubitans
1115 3876 1196 3960 quin
1208 3875 1361 3944 Iasonem

215 4071 246 4146 1)
272 4072 314 4131 De
333 4086 444 4129 rumore
463 4069 628 4138 vicinitatis,
649 4069 694 4128 cui
714 4070 823 4145 puellae
845 4070 920 4128 fama
940 4070 1009 4128 obici
1030 4071 1176 4145 pcteat'ci.
1196 4069 1363 4130 Namicaam

172 4179 205 4237 in
235 4177 285 4236 Od
311 4177 355 4236 VI
375 4197 384 4236 ι
404 4175 465 4235 274
489 4191 547 4250 aeq.
574 4178 610 4235 et.
638 4175 749 4234 doethii
768 4176 857 4266 Fami
877 4176 893 4234 I
913 4176 1062 4252 (Gretchen
1081 4177 1142 4236 und
1158 4177 1293 4238 Lieechen
1311 4176 1364 4234 mit

170 4282 312 4364 magen).
