<?xml version="1.0" encoding="UTF-8"?>
<!DOCTYPE html PUBLIC "-//W3C//DTD XHTML 1.0 Transitional//EN"
    "http://www.w3.org/TR/xhtml1/DTD/xhtml1-transitional.dtd">
<html xmlns="http://www.w3.org/1999/xhtml" xml:lang="en" lang="en">
 <head>
  <title>
</title>
<meta http-equiv="Content-Type" content="text/html;charset=utf-8" />
  <meta name='ocr-system' content='tesseract 3.04.00' />
  <meta name='ocr-capabilities' content='ocr_page ocr_carea ocr_par ocr_line ocrx_word'/>
</head>
<body>
  <div class='ocr_page' id='page_1' title='image "./deapolloniirhod00moltgoog_0086.png"; bbox 0 0 3300 5067; ppageno 0'>
   <div class='ocr_carea' id='block_1_1' title="bbox 854 483 897 550">
    <p class='ocr_par' dir='ltr' id='par_1_1' title="bbox 854 483 897 550">
     <span class='ocr_line' id='line_1_1' title="bbox 854 483 897 550; baseline 0.047 -2"><span class='ocrx_word' id='word_1_1' title='bbox 854 483 897 550; x_wconf 78' lang='lat'><strong>74</strong></span> 
     </span>
    </p>
   </div>
   <div class='ocr_carea' id='block_1_2' title="bbox 266 674 1471 4362">
    <p class='ocr_par' dir='ltr' id='par_1_2' title="bbox 282 674 1471 1875">
     <span class='ocr_line' id='line_1_2' title="bbox 285 674 1471 758; baseline 0 -16"><span class='ocrx_word' id='word_1_2' title='bbox 285 678 440 742; x_wconf 78' lang='lat' dir='ltr'>mentem</span> <span class='ocrx_word' id='word_1_3' title='bbox 462 674 566 758; x_wconf 83' lang='lat' dir='ltr'><strong>igitur</strong></span> <span class='ocrx_word' id='word_1_4' title='bbox 589 676 737 758; x_wconf 79' lang='lat' dir='ltr'>pertinet</span> <span class='ocrx_word' id='word_1_5' title='bbox 758 675 964 758; x_wconf 82' lang='lat' dir='ltr'><strong>comparatio</strong></span> <span class='ocrx_word' id='word_1_6' title='bbox 986 677 1175 758; x_wconf 84' lang='lat' dir='ltr'><strong>explicandi</strong></span> <span class='ocrx_word' id='word_1_7' title='bbox 1197 693 1300 744; x_wconf 83' lang='lat' dir='ltr'><strong>causa</strong></span> <span class='ocrx_word' id='word_1_8' title='bbox 1310 677 1471 744; x_wconf 80' lang='lat' dir='ltr'><strong>adhibita.</strong></span> 
     </span>
     <span class='ocr_line' id='line_1_3' title="bbox 285 798 1471 883; baseline 0 -18"><span class='ocrx_word' id='word_1_9' title='bbox 285 798 377 880; x_wconf 79' lang='lat' dir='ltr'><strong>Quae</strong></span> <span class='ocrx_word' id='word_1_10' title='bbox 396 799 511 866; x_wconf 91' lang='lat' dir='ltr'><strong>omnia</strong></span> <span class='ocrx_word' id='word_1_11' title='bbox 528 800 734 883; x_wconf 87' lang='lat' dir='ltr'><strong>comparatio</strong></span> <span class='ocrx_word' id='word_1_12' title='bbox 751 799 872 878; x_wconf 84' lang='lat' dir='ltr'><strong>eflicit,</strong></span> <span class='ocrx_word' id='word_1_13' title='bbox 891 801 1016 883; x_wconf 87' lang='lat' dir='ltr'><strong>aliquid</strong></span> <span class='ocrx_word' id='word_1_14' title='bbox 1033 801 1169 868; x_wconf 89' lang='lat' dir='ltr'><strong>maioris</strong></span> <span class='ocrx_word' id='word_1_15' title='bbox 1179 802 1361 876; x_wconf 79' lang='lat' dir='ltr'><strong>momenti,</strong></span> <span class='ocrx_word' id='word_1_16' title='bbox 1384 800 1471 883; x_wconf 89' lang='lat' dir='ltr'><strong>qnod</strong></span> 
     </span>
     <span class='ocr_line' id='line_1_4' title="bbox 285 924 1468 1006; baseline 0.001 -17"><span class='ocrx_word' id='word_1_17' title='bbox 285 924 441 1006; x_wconf 83' lang='lat' dir='ltr'><strong>omnibus</strong></span> <span class='ocrx_word' id='word_1_18' title='bbox 473 928 593 992; x_wconf 84' lang='lat' dir='ltr'><strong>notum</strong></span> <span class='ocrx_word' id='word_1_19' title='bbox 626 931 698 1002; x_wconf 88' lang='lat' dir='ltr'><strong>est,</strong></span> <span class='ocrx_word' id='word_1_20' title='bbox 731 926 768 990; x_wconf 90' lang='lat' dir='ltr'><strong>in</strong></span> <span class='ocrx_word' id='word_1_21' title='bbox 801 925 1000 992; x_wconf 80' lang='lat' dir='ltr'><strong>memoriam</strong></span> <span class='ocrx_word' id='word_1_22' title='bbox 1029 941 1209 992; x_wconf 80' lang='lat' dir='ltr'><strong>revocans:</strong></span> <span class='ocrx_word' id='word_1_23' title='bbox 1234 927 1468 1004; x_wconf 87' lang='lat' dir='ltr'><strong>venationem,</strong></span> 
     </span>
     <span class='ocr_line' id='line_1_5' title="bbox 286 1047 1471 1133; baseline 0.001 -19"><span class='ocrx_word' id='word_1_24' title='bbox 286 1047 484 1133; x_wconf 81' lang='lat' dir='ltr'><strong>animalium</strong></span> <span class='ocrx_word' id='word_1_25' title='bbox 496 1054 533 1114; x_wconf 93' lang='lat' dir='ltr'><strong>et</strong></span> <span class='ocrx_word' id='word_1_26' title='bbox 544 1048 840 1131; x_wconf 80' lang='lat' dir='ltr'><strong>ferarumpropria</strong></span> <span class='ocrx_word' id='word_1_27' title='bbox 848 1049 1030 1132; x_wconf 87' lang='lat' dir='ltr'><strong>temperies</strong></span> <span class='ocrx_word' id='word_1_28' title='bbox 1038 1047 1471 1127; x_wconf 74' lang='lat' dir='ltr'><strong>meliiluminumetmaris</strong></span> 
     </span>
     <span class='ocr_line' id='line_1_6' title="bbox 284 1171 1470 1256; baseline 0 -18"><span class='ocrx_word' id='word_1_29' title='bbox 284 1171 367 1238; x_wconf 86' lang='lat' dir='ltr'><strong>vim.</strong></span> <span class='ocrx_word' id='word_1_30' title='bbox 390 1171 498 1253; x_wconf 78' lang='lat' dir='ltr'><strong>Quare</strong></span> <span class='ocrx_word' id='word_1_31' title='bbox 521 1172 736 1256; x_wconf 85' lang='lat' dir='ltr'><strong>Apollonius,</strong></span> <span class='ocrx_word' id='word_1_32' title='bbox 755 1188 835 1238; x_wconf 90' lang='lat' dir='ltr'><strong>cum</strong></span> <span class='ocrx_word' id='word_1_33' title='bbox 854 1172 889 1238; x_wconf 91' lang='lat' dir='ltr'><strong>in</strong></span> <span class='ocrx_word' id='word_1_34' title='bbox 905 1172 1245 1255; x_wconf 83' lang='lat' dir='ltr'><strong>heccarminisparte</strong></span> <span class='ocrx_word' id='word_1_35' title='bbox 1257 1172 1470 1253; x_wconf 77' lang='lat' dir='ltr'><strong>descripserit</strong></span> 
     </span>
     <span class='ocr_line' id='line_1_7' title="bbox 284 1296 1468 1384; baseline 0 -22"><span class='ocrx_word' id='word_1_36' title='bbox 284 1312 343 1384; x_wconf 82' lang='lat' dir='ltr'><strong>ea,</strong></span> <span class='ocrx_word' id='word_1_37' title='bbox 365 1313 451 1378; x_wconf 87' lang='lat' dir='ltr'><strong>quae</strong></span> <span class='ocrx_word' id='word_1_38' title='bbox 468 1296 553 1363; x_wconf 88' lang='lat' dir='ltr'><strong>alias</strong></span> <span class='ocrx_word' id='word_1_39' title='bbox 571 1296 861 1380; x_wconf 77' lang='lat' dir='ltr'><strong>comparationum</strong></span> <span class='ocrx_word' id='word_1_40' title='bbox 881 1296 1041 1364; x_wconf 88' lang='lat' dir='ltr'><strong>materies</strong></span> <span class='ocrx_word' id='word_1_41' title='bbox 1052 1297 1140 1373; x_wconf 90' lang='lat' dir='ltr'><strong>sint,</strong></span> <span class='ocrx_word' id='word_1_42' title='bbox 1164 1297 1468 1378; x_wconf 83' lang='lat' dir='ltr'><strong>comparationibus</strong></span> 
     </span>
     <span class='ocr_line' id='line_1_8' title="bbox 283 1419 1467 1503; baseline -0.001 -17"><span class='ocrx_word' id='word_1_43' title='bbox 283 1420 447 1486; x_wconf 86' lang='lat' dir='ltr'><strong>inferioris</strong></span> <span class='ocrx_word' id='word_1_44' title='bbox 480 1421 647 1487; x_wconf 79' lang='lat' dir='ltr'><strong>momenti</strong></span> <span class='ocrx_word' id='word_1_45' title='bbox 678 1437 746 1486; x_wconf 92' lang='lat' dir='ltr'><strong>non</strong></span> <span class='ocrx_word' id='word_1_46' title='bbox 779 1429 864 1486; x_wconf 85' lang='lat' dir='ltr'><strong>usus</strong></span> <span class='ocrx_word' id='word_1_47' title='bbox 898 1421 982 1488; x_wconf 90' lang='lat' dir='ltr'><strong>bene</strong></span> <span class='ocrx_word' id='word_1_48' title='bbox 1013 1422 1105 1487; x_wconf 86' lang='lat' dir='ltr'><strong>cavit</strong></span> <span class='ocrx_word' id='word_1_49' title='bbox 1137 1437 1181 1488; x_wconf 91' lang='lat' dir='ltr'><strong>ne</strong></span> <span class='ocrx_word' id='word_1_50' title='bbox 1210 1421 1391 1503; x_wconf 73' lang='lat' dir='ltr'><strong>descriptio</strong></span> <span class='ocrx_word' id='word_1_51' title='bbox 1413 1419 1467 1486; x_wconf 85' lang='lat' dir='ltr'><strong>illa</strong></span> 
     </span>
     <span class='ocr_line' id='line_1_9' title="bbox 283 1544 1465 1628; baseline -0.003 -18"><span class='ocrx_word' id='word_1_52' title='bbox 283 1544 398 1611; x_wconf 90' lang='lat' dir='ltr'><strong>minus</strong></span> <span class='ocrx_word' id='word_1_53' title='bbox 415 1545 485 1612; x_wconf 89' lang='lat' dir='ltr'><strong>alte</strong></span> <span class='ocrx_word' id='word_1_54' title='bbox 503 1546 539 1611; x_wconf 93' lang='lat' dir='ltr'><strong>in</strong></span> <span class='ocrx_word' id='word_1_55' title='bbox 557 1546 723 1612; x_wconf 87' lang='lat' dir='ltr'><strong>lectorum</strong></span> <span class='ocrx_word' id='word_1_56' title='bbox 740 1546 872 1612; x_wconf 89' lang='lat' dir='ltr'><strong>animos</strong></span> <span class='ocrx_word' id='word_1_57' title='bbox 890 1544 1108 1612; x_wconf 79' lang='lat' dir='ltr'><strong>descenderet</strong></span> <span class='ocrx_word' id='word_1_58' title='bbox 1125 1563 1228 1628; x_wconf 90' lang='lat' dir='ltr'><strong>quam</strong></span> <span class='ocrx_word' id='word_1_59' title='bbox 1246 1561 1306 1628; x_wconf 92' lang='lat' dir='ltr'><strong>pro</strong></span> <span class='ocrx_word' id='word_1_60' title='bbox 1317 1561 1354 1610; x_wconf 95' lang='lat' dir='ltr'><strong>re</strong></span> <span class='ocrx_word' id='word_1_61' title='bbox 1366 1545 1465 1611; x_wconf 87' lang='lat' dir='ltr'><strong>esset.</strong></span> 
     </span>
     <span class='ocr_line' id='line_1_10' title="bbox 283 1666 1466 1751; baseline 0 -19"><span class='ocrx_word' id='word_1_62' title='bbox 283 1666 351 1733; x_wconf 83' lang='lat' dir='ltr'><strong>Suo</strong></span> <span class='ocrx_word' id='word_1_63' title='bbox 381 1674 498 1734; x_wconf 85' lang='lat' dir='ltr'><strong>tamen</strong></span> <span class='ocrx_word' id='word_1_64' title='bbox 527 1669 598 1735; x_wconf 93' lang='lat' dir='ltr'><strong>loco</strong></span> <span class='ocrx_word' id='word_1_65' title='bbox 627 1670 823 1751; x_wconf 84' lang='grc'><strong>661-668,</strong></span> <span class='ocrx_word' id='word_1_66' title='bbox 853 1670 894 1736; x_wconf 91' lang='lat' dir='ltr'><strong>ut</strong></span> <span class='ocrx_word' id='word_1_67' title='bbox 923 1673 1025 1736; x_wconf 85' lang='lat' dir='ltr'><strong>aulea</strong></span> <span class='ocrx_word' id='word_1_68' title='bbox 1046 1671 1223 1736; x_wconf 77' lang='lat' dir='ltr'><strong>till-548</strong></span> <span class='ocrx_word' id='word_1_69' title='bbox 1246 1668 1466 1751; x_wconf 88' lang='lat' dir='ltr'><strong>pulcherrima</strong></span> 
     </span>
     <span class='ocr_line' id='line_1_11' title="bbox 282 1791 941 1875; baseline 0.003 -19"><span class='ocrx_word' id='word_1_70' title='bbox 282 1791 531 1873; x_wconf 85' lang='lat' dir='ltr'><strong>comparatione</strong></span> <span class='ocrx_word' id='word_1_71' title='bbox 552 1809 635 1859; x_wconf 90' lang='lat' dir='ltr'><strong>usus</strong></span> <span class='ocrx_word' id='word_1_72' title='bbox 657 1797 713 1860; x_wconf 89' lang='lat' dir='ltr'><strong>est</strong></span> <span class='ocrx_word' id='word_1_73' title='bbox 735 1793 941 1875; x_wconf 85' lang='lat' dir='ltr'><strong>Apollonius.</strong></span> 
     </span>
    </p>

    <p class='ocr_par' dir='ltr' id='par_1_3' title="bbox 326 1913 1464 2004">
     <span class='ocr_line' id='line_1_12' title="bbox 326 1913 1464 2004; baseline 0.008 -25"><span class='ocrx_word' id='word_1_74' title='bbox 326 1913 484 1982; x_wconf 88' lang='lat' dir='ltr'><strong>Valerius</strong></span> <span class='ocrx_word' id='word_1_75' title='bbox 517 1916 635 1982; x_wconf 91' lang='lat' dir='ltr'><strong>deinde</strong></span> <span class='ocrx_word' id='word_1_76' title='bbox 667 1916 823 1985; x_wconf 79' lang='lat' dir='ltr'><strong>Iasonem</strong></span> <span class='ocrx_word' id='word_1_77' title='bbox 858 1918 1035 1984; x_wconf 72' lang='lat' dir='ltr'><strong>rea-710</strong></span> <span class='ocrx_word' id='word_1_78' title='bbox 1067 1919 1208 1985; x_wconf 91' lang='lat' dir='ltr'><strong>dubium</strong></span> <span class='ocrx_word' id='word_1_79' title='bbox 1238 1920 1274 2004; x_wconf 90' lang='lat' dir='ltr'><strong>et</strong></span> <span class='ocrx_word' id='word_1_80' title='bbox 1308 1916 1464 1988; x_wconf 77' lang='lat' dir='ltr'><strong>anxium.</strong></span> 
     </span>
    </p>

    <p class='ocr_par' dir='ltr' id='par_1_4' title="bbox 266 2037 1466 3237">
     <span class='ocr_line' id='line_1_13' title="bbox 282 2037 1465 2118; baseline 0.002 -16"><span class='ocrx_word' id='word_1_81' title='bbox 282 2037 481 2118; x_wconf 90' lang='lat' dir='ltr'><strong>Apollonius</strong></span> <span class='ocrx_word' id='word_1_82' title='bbox 519 2056 599 2105; x_wconf 89' lang='lat' dir='ltr'><strong>eum</strong></span> <span class='ocrx_word' id='word_1_83' title='bbox 640 2039 728 2107; x_wconf 88' lang='lat' dir='ltr'><strong>elato</strong></span> <span class='ocrx_word' id='word_1_84' title='bbox 761 2041 875 2106; x_wconf 87' lang='lat' dir='ltr'><strong>animo</strong></span> <span class='ocrx_word' id='word_1_85' title='bbox 908 2041 1074 2108; x_wconf 88' lang='lat' dir='ltr'><strong>sociorum</strong></span> <span class='ocrx_word' id='word_1_86' title='bbox 1107 2045 1242 2108; x_wconf 90' lang='lat' dir='ltr'><strong>mentes</strong></span> <span class='ocrx_word' id='word_1_87' title='bbox 1276 2041 1465 2106; x_wconf 80' lang='lat' dir='ltr'><strong>tentantem</strong></span> 
     </span>
     <span class='ocr_line' id='line_1_14' title="bbox 282 2163 1466 2252; baseline 0.001 -25"><span class='ocrx_word' id='word_1_88' title='bbox 282 2163 394 2229; x_wconf 84' lang='lat' dir='ltr'><strong>tinxit.</strong></span> <span class='ocrx_word' id='word_1_89' title='bbox 423 2163 519 2252; x_wconf 86' lang='lat' dir='ltr'><strong>Idem</strong></span> <span class='ocrx_word' id='word_1_90' title='bbox 548 2163 583 2250; x_wconf 82' lang='grc'><strong>(2</strong></span> <span class='ocrx_word' id='word_1_91' title='bbox 607 2185 616 2229; x_wconf 90' lang='lat'>:</span> <span class='ocrx_word' id='word_1_92' title='bbox 639 2165 829 2244; x_wconf 78' lang='lat' dir='ltr'><strong>oce-720)</strong></span> <span class='ocrx_word' id='word_1_93' title='bbox 860 2167 944 2232; x_wconf 88' lang='lat' dir='ltr'><strong>bene</strong></span> <span class='ocrx_word' id='word_1_94' title='bbox 974 2166 1118 2232; x_wconf 90' lang='lat' dir='ltr'><strong>inseruit</strong></span> <span class='ocrx_word' id='word_1_95' title='bbox 1139 2166 1348 2248; x_wconf 80' lang='lat' dir='ltr'><strong>Argonautis</strong></span> <span class='ocrx_word' id='word_1_96' title='bbox 1370 2164 1466 2247; x_wconf 86' lang='lat' dir='ltr'><strong>qme</strong></span> 
     </span>
     <span class='ocr_line' id='line_1_15' title="bbox 283 2287 1464 2371; baseline 0.002 -21"><span class='ocrx_word' id='word_1_97' title='bbox 283 2291 385 2353; x_wconf 87' lang='lat' dir='ltr'><strong>tanto</strong></span> <span class='ocrx_word' id='word_1_98' title='bbox 402 2288 548 2370; x_wconf 90' lang='lat' dir='ltr'><strong>periculo</strong></span> <span class='ocrx_word' id='word_1_99' title='bbox 570 2288 766 2371; x_wconf 79' lang='lat' dir='ltr'><strong>effugerint,</strong></span> <span class='ocrx_word' id='word_1_100' title='bbox 788 2288 998 2371; x_wconf 88' lang='lat' dir='ltr'><strong>Apollinem,</strong></span> <span class='ocrx_word' id='word_1_101' title='bbox 1022 2288 1108 2354; x_wconf 90' lang='lat' dir='ltr'><strong>lucis</strong></span> <span class='ocrx_word' id='word_1_102' title='bbox 1129 2288 1230 2355; x_wconf 90' lang='lat' dir='ltr'><strong>deum</strong></span> <span class='ocrx_word' id='word_1_103' title='bbox 1251 2287 1464 2371; x_wconf 87' lang='lat' dir='ltr'><strong>apparuisse,</strong></span> 
     </span>
     <span class='ocr_line' id='line_1_16' title="bbox 282 2409 1344 2495; baseline 0.002 -19"><span class='ocrx_word' id='word_1_104' title='bbox 282 2409 371 2490; x_wconf 88' lang='lat' dir='ltr'><strong>quod</strong></span> <span class='ocrx_word' id='word_1_105' title='bbox 392 2412 517 2478; x_wconf 88' lang='lat' dir='ltr'><strong>bonum</strong></span> <span class='ocrx_word' id='word_1_106' title='bbox 540 2429 639 2478; x_wconf 93' lang='lat' dir='ltr'><strong>omen</strong></span> <span class='ocrx_word' id='word_1_107' title='bbox 661 2413 795 2480; x_wconf 88' lang='lat' dir='ltr'><strong>salvum</strong></span> <span class='ocrx_word' id='word_1_108' title='bbox 817 2411 965 2478; x_wconf 86' lang='lat' dir='ltr'><strong>reditum</strong></span> <span class='ocrx_word' id='word_1_109' title='bbox 988 2413 1178 2495; x_wconf 88' lang='lat' dir='ltr'><strong>praedicere</strong></span> <span class='ocrx_word' id='word_1_110' title='bbox 1199 2411 1344 2478; x_wconf 85' lang='lat' dir='ltr'><strong>videtur.</strong></span> 
     </span>
     <span class='ocr_line' id='line_1_17' title="bbox 285 2533 1463 2624; baseline 0.001 -25"><span class='ocrx_word' id='word_1_111' title='bbox 285 2583 293 2624; x_wconf 62' lang='lat'><em>3</em></span> <span class='ocrx_word' id='word_1_112' title='bbox 327 2533 454 2600; x_wconf 87' lang='lat' dir='ltr'><strong>Deinde</strong></span> <span class='ocrx_word' id='word_1_113' title='bbox 476 2537 693 2619; x_wconf 79' lang='lat' dir='ltr'><strong>Argonautae</strong></span> <span class='ocrx_word' id='word_1_114' title='bbox 715 2539 933 2618; x_wconf 86' lang='lat' dir='ltr'><strong>praetereunt</strong></span> <span class='ocrx_word' id='word_1_115' title='bbox 950 2535 1463 2620; x_wconf 85' lang='lat' dir='ltr'><strong>gentes,litora,promontoria,</strong></span> 
     </span>
     <span class='ocr_line' id='line_1_18' title="bbox 282 2629 1465 2746; baseline 0 -20"><span class='ocrx_word' id='word_1_116' title='bbox 282 2659 440 2746; x_wconf 84' lang='lat' dir='ltr'><strong>ilumina,</strong></span> <span class='ocrx_word' id='word_1_117' title='bbox 462 2629 550 2741; x_wconf 83' lang='lat' dir='ltr'><strong>quae</strong></span> <span class='ocrx_word' id='word_1_118' title='bbox 570 2659 720 2725; x_wconf 86' lang='lat' dir='ltr'><strong>Phineus</strong></span> <span class='ocrx_word' id='word_1_119' title='bbox 742 2659 902 2726; x_wconf 88' lang='lat' dir='ltr'><strong>vaticinio</strong></span> <span class='ocrx_word' id='word_1_120' title='bbox 925 2676 988 2726; x_wconf 91' lang='lat' dir='ltr'><strong>suo</strong></span> <span class='ocrx_word' id='word_1_121' title='bbox 1009 2659 1052 2726; x_wconf 89' lang='lat' dir='ltr'><strong>iis</strong></span> <span class='ocrx_word' id='word_1_122' title='bbox 1074 2662 1343 2726; x_wconf 80' lang='lat' dir='ltr'><strong>enumeraverat.</strong></span> <span class='ocrx_word' id='word_1_123' title='bbox 1377 2658 1465 2740; x_wconf 77' lang='lat' dir='ltr'><strong>Quae</strong></span> 
     </span>
     <span class='ocr_line' id='line_1_19' title="bbox 282 2783 1465 2870; baseline 0 -22"><span class='ocrx_word' id='word_1_124' title='bbox 282 2783 396 2870; x_wconf 89' lang='lat' dir='ltr'><strong>omnia</strong></span> <span class='ocrx_word' id='word_1_125' title='bbox 429 2783 539 2849; x_wconf 85' lang='lat' dir='ltr'><strong>fusius</strong></span> <span class='ocrx_word' id='word_1_126' title='bbox 566 2784 712 2864; x_wconf 87' lang='lat' dir='ltr'><strong>repetita</strong></span> <span class='ocrx_word' id='word_1_127' title='bbox 733 2788 950 2864; x_wconf 83' lang='lat' dir='ltr'><strong>(quamquam</strong></span> <span class='ocrx_word' id='word_1_128' title='bbox 976 2783 1150 2851; x_wconf 89' lang='lat' dir='ltr'><strong>deterrent</strong></span> <span class='ocrx_word' id='word_1_129' title='bbox 1171 2785 1285 2866; x_wconf 90' lang='lat' dir='ltr'><strong>potius</strong></span> <span class='ocrx_word' id='word_1_130' title='bbox 1305 2784 1465 2851; x_wconf 89' lang='lat' dir='ltr'><strong>lectorem</strong></span> 
     </span>
     <span class='ocr_line' id='line_1_20' title="bbox 282 2906 1465 2992; baseline 0.002 -20"><span class='ocrx_word' id='word_1_131' title='bbox 282 2923 385 2989; x_wconf 87' lang='lat' dir='ltr'><strong>quam</strong></span> <span class='ocrx_word' id='word_1_132' title='bbox 407 2907 571 2990; x_wconf 87' lang='lat' dir='ltr'><strong>alliciunt)</strong></span> <span class='ocrx_word' id='word_1_133' title='bbox 583 2906 723 2974; x_wconf 90' lang='lat' dir='ltr'><strong>minime</strong></span> <span class='ocrx_word' id='word_1_134' title='bbox 733 2908 924 2985; x_wconf 84' lang='lat' dir='ltr'><strong>abhorrent,</strong></span> <span class='ocrx_word' id='word_1_135' title='bbox 935 2909 1040 2974; x_wconf 93' lang='lat' dir='ltr'><strong>immo</strong></span> <span class='ocrx_word' id='word_1_136' title='bbox 1059 2923 1138 2974; x_wconf 85' lang='lat' dir='ltr'><strong>vero</strong></span> <span class='ocrx_word' id='word_1_137' title='bbox 1156 2909 1339 2975; x_wconf 88' lang='lat' dir='ltr'><strong>concinunt</strong></span> <span class='ocrx_word' id='word_1_138' title='bbox 1352 2909 1465 2992; x_wconf 83' lang='lat' dir='ltr'><strong>opicae</strong></span> 
     </span>
     <span class='ocr_line' id='line_1_21' title="bbox 266 2999 1465 3112; baseline 0.003 -17"><span class='ocrx_word' id='word_1_139' title='bbox 266 2999 416 3110; x_wconf 54' lang='lat' dir='ltr'><strong>‘rationi</strong></span> <span class='ocrx_word' id='word_1_140' title='bbox 442 3031 610 3112; x_wconf 80' lang='lat' dir='ltr'><strong>cuiusque</strong></span> <span class='ocrx_word' id='word_1_141' title='bbox 632 3030 724 3096; x_wconf 91' lang='lat' dir='ltr'><strong>enim</strong></span> <span class='ocrx_word' id='word_1_142' title='bbox 747 3030 899 3097; x_wconf 83' lang='lat' dir='ltr'><strong>vaticinii</strong></span> <span class='ocrx_word' id='word_1_143' title='bbox 922 3035 976 3098; x_wconf 88' lang='lat' dir='ltr'><strong>est</strong></span> <span class='ocrx_word' id='word_1_144' title='bbox 998 3032 1105 3098; x_wconf 86' lang='lat' dir='ltr'><strong>obiter</strong></span> <span class='ocrx_word' id='word_1_145' title='bbox 1126 3033 1334 3099; x_wconf 89' lang='lat' dir='ltr'><strong>mentionem</strong></span> <span class='ocrx_word' id='word_1_146' title='bbox 1357 3033 1465 3099; x_wconf 84' lang='lat' dir='ltr'><strong>iacere</strong></span> 
     </span>
     <span class='ocr_line' id='line_1_22' title="bbox 283 3155 1422 3237; baseline 0.003 -17"><span class='ocrx_word' id='word_1_147' title='bbox 283 3156 324 3222; x_wconf 89' lang='lat' dir='ltr'><strong>de</strong></span> <span class='ocrx_word' id='word_1_148' title='bbox 346 3155 487 3231; x_wconf 83' lang='lat' dir='ltr'><strong>futuris,</strong></span> <span class='ocrx_word' id='word_1_149' title='bbox 510 3171 597 3237; x_wconf 89' lang='lat' dir='ltr'><strong>quae</strong></span> <span class='ocrx_word' id='word_1_150' title='bbox 617 3160 754 3236; x_wconf 88' lang='lat' dir='ltr'><strong>postea,</strong></span> <span class='ocrx_word' id='word_1_151' title='bbox 776 3155 834 3220; x_wconf 86' lang='lat' dir='ltr'><strong>ubi</strong></span> <span class='ocrx_word' id='word_1_152' title='bbox 856 3155 1020 3221; x_wconf 90' lang='lat' dir='ltr'><strong>eveniunt</strong></span> <span class='ocrx_word' id='word_1_153' title='bbox 1042 3156 1207 3237; x_wconf 86' lang='lat' dir='ltr'><strong>copiosius</strong></span> <span class='ocrx_word' id='word_1_154' title='bbox 1229 3160 1422 3222; x_wconf 89' lang='lat' dir='ltr'><strong>narrantm.</strong></span> 
     </span>
    </p>

    <p class='ocr_par' dir='ltr' id='par_1_5' title="bbox 281 3277 1466 4236">
     <span class='ocr_line' id='line_1_23' title="bbox 327 3277 1464 3361; baseline -0.001 -16"><span class='ocrx_word' id='word_1_155' title='bbox 327 3278 421 3361; x_wconf 81' lang='lat' dir='ltr'><strong>Quod</strong></span> <span class='ocrx_word' id='word_1_156' title='bbox 442 3279 592 3361; x_wconf 81' lang='lat' dir='ltr'><strong>neglexit</strong></span> <span class='ocrx_word' id='word_1_157' title='bbox 613 3278 786 3357; x_wconf 88' lang='lat' dir='ltr'><strong>Valerius,</strong></span> <span class='ocrx_word' id='word_1_158' title='bbox 809 3277 867 3360; x_wconf 90' lang='lat' dir='ltr'><strong>qui</strong></span> <span class='ocrx_word' id='word_1_159' title='bbox 890 3278 1008 3344; x_wconf 90' lang='lat' dir='ltr'><strong>eodem</strong></span> <span class='ocrx_word' id='word_1_160' title='bbox 1025 3278 1200 3345; x_wconf 89' lang='lat' dir='ltr'><strong>nominum</strong></span> <span class='ocrx_word' id='word_1_161' title='bbox 1218 3296 1361 3346; x_wconf 89' lang='lat' dir='ltr'><strong>numero</strong></span> <span class='ocrx_word' id='word_1_162' title='bbox 1383 3296 1464 3347; x_wconf 89' lang='lat' dir='ltr'><strong>usus</strong></span> 
     </span>
     <span class='ocr_line' id='line_1_24' title="bbox 281 3402 1466 3495; baseline -0.003 -23"><span class='ocrx_word' id='word_1_163' title='bbox 281 3404 449 3495; x_wconf 74' lang='lat' dir='ltr'><strong>brevitate</strong></span> <span class='ocrx_word' id='word_1_164' title='bbox 484 3420 547 3469; x_wconf 87' lang='lat' dir='ltr'><strong>sua</strong></span> <span class='ocrx_word' id='word_1_165' title='bbox 580 3403 711 3484; x_wconf 87' lang='lat' dir='ltr'><strong>omisit,</strong></span> <span class='ocrx_word' id='word_1_166' title='bbox 744 3419 830 3484; x_wconf 87' lang='lat' dir='ltr'><strong>quae</strong></span> <span class='ocrx_word' id='word_1_167' title='bbox 853 3403 998 3468; x_wconf 87' lang='lat' dir='ltr'><strong>bonaet</strong></span> <span class='ocrx_word' id='word_1_168' title='bbox 1020 3405 1116 3484; x_wconf 85' lang='lat' dir='ltr'><strong>grata</strong></span> <span class='ocrx_word' id='word_1_169' title='bbox 1138 3403 1277 3469; x_wconf 88' lang='lat' dir='ltr'><strong>suntin</strong></span> <span class='ocrx_word' id='word_1_170' title='bbox 1300 3402 1466 3485; x_wconf 89' lang='lat' dir='ltr'><strong>Apollonii</strong></span> 
     </span>
     <span class='ocr_line' id='line_1_25' title="bbox 282 3524 1466 3610; baseline -0.003 -15"><span class='ocrx_word' id='word_1_171' title='bbox 282 3529 441 3596; x_wconf 87' lang='lat' dir='ltr'><strong>carmine.</strong></span> <span class='ocrx_word' id='word_1_172' title='bbox 474 3528 546 3610; x_wconf 80' lang='lat' dir='ltr'><strong>Quo</strong></span> <span class='ocrx_word' id='word_1_173' title='bbox 575 3526 705 3609; x_wconf 86' lang='lat' dir='ltr'><strong>factum</strong></span> <span class='ocrx_word' id='word_1_174' title='bbox 734 3530 808 3602; x_wconf 91' lang='lat' dir='ltr'><strong>est,</strong></span> <span class='ocrx_word' id='word_1_175' title='bbox 830 3531 870 3593; x_wconf 90' lang='lat' dir='ltr'><strong>ut</strong></span> <span class='ocrx_word' id='word_1_176' title='bbox 893 3524 1028 3592; x_wconf 90' lang='lat' dir='ltr'><strong>Valerio</strong></span> <span class='ocrx_word' id='word_1_177' title='bbox 1051 3530 1186 3592; x_wconf 89' lang='lat' dir='ltr'><strong>auctore</strong></span> <span class='ocrx_word' id='word_1_178' title='bbox 1208 3526 1327 3592; x_wconf 91' lang='lat' dir='ltr'><strong>Phinei</strong></span> <span class='ocrx_word' id='word_1_179' title='bbox 1350 3526 1466 3594; x_wconf 89' lang='lat' dir='ltr'><strong>vatici·</strong></span> 
     </span>
     <span class='ocr_line' id='line_1_26' title="bbox 281 3649 1466 3735; baseline 0 -19"><span class='ocrx_word' id='word_1_180' title='bbox 281 3652 376 3718; x_wconf 91' lang='lat' dir='ltr'><strong>nium</strong></span> <span class='ocrx_word' id='word_1_181' title='bbox 398 3653 531 3735; x_wconf 90' lang='lat' dir='ltr'><strong>longius</strong></span> <span class='ocrx_word' id='word_1_182' title='bbox 553 3652 599 3717; x_wconf 91' lang='lat' dir='ltr'><strong>sit</strong></span> <span class='ocrx_word' id='word_1_183' title='bbox 621 3667 723 3733; x_wconf 86' lang='lat' dir='ltr'><strong>quam</strong></span> <span class='ocrx_word' id='word_1_184' title='bbox 745 3649 878 3716; x_wconf 88' lang='lat' dir='ltr'><strong>itineris</strong></span> <span class='ocrx_word' id='word_1_185' title='bbox 900 3649 1006 3732; x_wconf 90' lang='lat' dir='ltr'><strong>ipsius</strong></span> <span class='ocrx_word' id='word_1_186' title='bbox 1028 3649 1213 3732; x_wconf 82' lang='lat' dir='ltr'><strong>enarratio,</strong></span> <span class='ocrx_word' id='word_1_187' title='bbox 1232 3649 1319 3732; x_wconf 91' lang='lat' dir='ltr'><strong>quod</strong></span> <span class='ocrx_word' id='word_1_188' title='bbox 1342 3653 1466 3718; x_wconf 87' lang='lat' dir='ltr'><strong>abono</strong></span> 
     </span>
     <span class='ocr_line' id='line_1_27' title="bbox 282 3773 1465 3859; baseline 0.001 -19"><span class='ocrx_word' id='word_1_189' title='bbox 282 3777 429 3842; x_wconf 88' lang='lat' dir='ltr'><strong>carmine</strong></span> <span class='ocrx_word' id='word_1_190' title='bbox 440 3777 533 3859; x_wconf 84' lang='lat' dir='ltr'><strong>epico</strong></span> <span class='ocrx_word' id='word_1_191' title='bbox 545 3776 691 3841; x_wconf 88' lang='lat' dir='ltr'><strong>alienum</strong></span> <span class='ocrx_word' id='word_1_192' title='bbox 703 3779 768 3840; x_wconf 86' lang='lat' dir='ltr'><strong>est.</strong></span> <span class='ocrx_word' id='word_1_193' title='bbox 780 3773 835 3840; x_wconf 84' lang='lat' dir='ltr'><strong>Sic</strong></span> <span class='ocrx_word' id='word_1_194' title='bbox 846 3774 998 3855; x_wconf 84' lang='lat' dir='ltr'><strong>regiones</strong></span> <span class='ocrx_word' id='word_1_195' title='bbox 1008 3777 1045 3839; x_wconf 89' lang='lat' dir='ltr'><strong>et</strong></span> <span class='ocrx_word' id='word_1_196' title='bbox 1056 3773 1204 3854; x_wconf 80' lang='lat' dir='ltr'><strong>populna,</strong></span> <span class='ocrx_word' id='word_1_197' title='bbox 1222 3790 1306 3855; x_wconf 89' lang='lat' dir='ltr'><strong>quos</strong></span> <span class='ocrx_word' id='word_1_198' title='bbox 1318 3774 1465 3841; x_wconf 89' lang='lat' dir='ltr'><strong>Phineus</strong></span> 
     </span>
     <span class='ocr_line' id='line_1_28' title="bbox 282 3897 1465 3966; baseline -0.002 -1"><span class='ocrx_word' id='word_1_199' title='bbox 282 3900 474 3966; x_wconf 88' lang='lat' dir='ltr'><strong>nominibus</strong></span> <span class='ocrx_word' id='word_1_200' title='bbox 508 3903 645 3966; x_wconf 87' lang='lat' dir='ltr'><strong>tantum</strong></span> <span class='ocrx_word' id='word_1_201' title='bbox 679 3901 715 3964; x_wconf 89' lang='lat' dir='ltr'><strong>et</strong></span> <span class='ocrx_word' id='word_1_202' title='bbox 748 3898 916 3964; x_wconf 91' lang='lat' dir='ltr'><strong>nonnullis</strong></span> <span class='ocrx_word' id='word_1_203' title='bbox 949 3897 1189 3965; x_wconf 88' lang='lat' dir='ltr'><strong>additamentis</strong></span> <span class='ocrx_word' id='word_1_204' title='bbox 1217 3897 1378 3964; x_wconf 88' lang='lat' dir='ltr'><strong>brevibus</strong></span> <span class='ocrx_word' id='word_1_205' title='bbox 1408 3898 1465 3965; x_wconf 93' lang='lat' dir='ltr'><strong>sed</strong></span> 
     </span>
     <span class='ocr_line' id='line_1_29' title="bbox 281 4020 1465 4108; baseline 0 -18"><span class='ocrx_word' id='word_1_206' title='bbox 281 4024 428 4108; x_wconf 89' lang='lat' dir='ltr'><strong>pulchris</strong></span> <span class='ocrx_word' id='word_1_207' title='bbox 449 4027 668 4108; x_wconf 83' lang='lat' dir='ltr'><strong>exposuerat,</strong></span> <span class='ocrx_word' id='word_1_208' title='bbox 691 4021 810 4089; x_wconf 87' lang='lat' dir='ltr'><strong>multis</strong></span> <span class='ocrx_word' id='word_1_209' title='bbox 833 4038 965 4088; x_wconf 91' lang='lat' dir='ltr'><strong>morum</strong></span> <span class='ocrx_word' id='word_1_210' title='bbox 987 4024 1023 4087; x_wconf 91' lang='lat' dir='ltr'><strong>et</strong></span> <span class='ocrx_word' id='word_1_211' title='bbox 1045 4020 1134 4087; x_wconf 88' lang='lat' dir='ltr'><strong>situs</strong></span> <span class='ocrx_word' id='word_1_212' title='bbox 1155 4020 1303 4088; x_wconf 90' lang='lat' dir='ltr'><strong>locorum</strong></span> <span class='ocrx_word' id='word_1_213' title='bbox 1325 4022 1465 4106; x_wconf 88' lang='lat' dir='ltr'><strong>descrip·</strong></span> 
     </span>
     <span class='ocr_line' id='line_1_30' title="bbox 282 4144 1042 4236; baseline -0.012 -21"><span class='ocrx_word' id='word_1_214' title='bbox 282 4149 447 4236; x_wconf 84' lang='lat' dir='ltr'><strong>tionibus,</strong></span> <span class='ocrx_word' id='word_1_215' title='bbox 471 4149 669 4231; x_wconf 83' lang='lat' dir='ltr'><strong>plerumque</strong></span> <span class='ocrx_word' id='word_1_216' title='bbox 689 4145 912 4230; x_wconf 58' lang='lat' dir='ltr'><strong>gratissimis</strong></span> <span class='ocrx_word' id='word_1_217' title='bbox 935 4144 1042 4212; x_wconf 88' lang='lat' dir='ltr'><strong>auxit.</strong></span> 
     </span>
    </p>

    <p class='ocr_par' dir='ltr' id='par_1_6' title="bbox 281 4269 1463 4362">
     <span class='ocr_line' id='line_1_31' title="bbox 281 4269 1463 4362; baseline 0.001 -23"><span class='ocrx_word' id='word_1_218' title='bbox 281 4354 283 4358; x_wconf 12' lang='lat' dir='ltr'>v</span> <span class='ocrx_word' id='word_1_219' title='bbox 325 4273 433 4355; x_wconf 81' lang='lat' dir='ltr'><strong>Quam</strong></span> <span class='ocrx_word' id='word_1_220' title='bbox 445 4274 652 4340; x_wconf 85' lang='lat' dir='ltr'><strong>sententiam</strong></span> <span class='ocrx_word' id='word_1_221' title='bbox 663 4272 848 4354; x_wconf 87' lang='lat' dir='ltr'><strong>approbant</strong></span> <span class='ocrx_word' id='word_1_222' title='bbox 859 4285 980 4336; x_wconf 87' lang='lat' dir='ltr'><strong>versus</strong></span> <span class='ocrx_word' id='word_1_223' title='bbox 991 4269 1177 4354; x_wconf 71' lang='lat' dir='ltr'><strong>lte-745,</strong></span> <span class='ocrx_word' id='word_1_224' title='bbox 1197 4271 1318 4362; x_wconf 85' lang='lat' dir='ltr'><strong>quibus</strong></span> <span class='ocrx_word' id='word_1_225' title='bbox 1329 4273 1463 4340; x_wconf 88' lang='lat' dir='ltr'><strong>doctum</strong></span> 
     </span>
    </p>
   </div>
   <div class='ocr_carea' id='block_1_3' title="bbox 0 0 1654 5067">
    <p class='ocr_par' dir='ltr' id='par_1_7' title="bbox 0 0 1654 5067">
     <span class='ocr_line' id='line_1_32' title="bbox 0 0 1654 5067; baseline 0 1"><span class='ocrx_word' id='word_1_226' title='bbox 0 0 1654 5067; x_wconf 95' lang='lat' dir='ltr'><strong> </strong></span> 
     </span>
    </p>
   </div>
  </div>
 </body>
</html>
