3300 5067
881 449 946 515 126

322 638 460 708 Dichter
493 641 555 708 hat
586 642 682 709 nicht
712 661 778 708 nur
805 643 842 710 iu
873 643 932 710 der
954 643 1057 711 Wahl
1084 647 1197 712 selues
1218 645 1340 712 Stotics
1362 648 1507 730 gefehlt,

322 765 466 832 sondern
498 766 558 832 ihn
590 766 676 832 auch
709 785 754 832 zu
789 768 876 834 hreit
910 766 1099 852 angelegt'’
1132 768 1199 836 His
1227 771 1340 838 verbis
1369 787 1506 841 omnem

320 889 457 956 laudem
479 890 521 958 de
545 892 764 972 ¹,besonueue
786 891 1050 976 Komposition”
1075 898 1112 960 et
1137 893 1280 976 „Kunst
1297 895 1357 962 des
1375 895 1506 962 Plans”

321 1016 396 1099 ipse
415 1017 550 1084 evertit
572 1017 758 1084 Horatiana
780 1017 837 1083 illa
859 1017 943 1084 mihi
964 1018 999 1084 in
1022 1021 1173 1086 mentem
1195 1020 1339 1086 veniunt
1364 1025 1505 1104 ¹,partu-

321 1141 416 1208 riunt
437 1145 588 1220 montes,
609 1143 761 1208 nascitur
783 1141 944 1208 ridiculus
965 1157 1043 1208 mus
1050 1140 1072 1170 '’
1092 1145 1128 1208 11
1154 1131 1504 1226 „humanocervicem

321 1266 428 1348 pictor
460 1266 620 1348 equinam
651 1266 791 1346 iungere
822 1265 853 1330 si
888 1266 971 1332 velit
999 1273 1036 1334 et
1058 1266 1172 1332 varies
1193 1267 1349 1334 inducere
1371 1269 1505 1350 plumas

320 1390 467 1474 undique
488 1390 619 1456 collatis
640 1391 820 1466 membris,
844 1399 885 1456 ut
905 1391 1050 1472 turpiter
1060 1395 1174 1456 atrurn
1186 1390 1503 1476 desinatinpisoem

320 1515 440 1581 mulier
473 1515 618 1580 formosa
646 1531 807 1595 superne,
843 1517 1035 1596 spectatum
1064 1515 1204 1582 admissi
1228 1515 1333 1582 risum
1357 1516 1504 1582 teneatis

320 1634 475 1704 amicil''
497 1638 679 1705 Teuffelius
696 1636 870 1704 Valerium
893 1655 1025 1720 quoque
1046 1638 1162 1706 laudat
1183 1645 1319 1724 propter
1332 1639 1502 1726 „weltere

318 1762 542 1844 Ausfdhrung
585 1761 854 1844 wirkingsvoller
897 1763 1058 1830 Szenen”.
1102 1763 1169 1830 Sed
1212 1764 1410 1845 procellam,
1450 1780 1503 1830 res

320 1888 355 1952 in
389 1887 500 1952 insula
531 1885 659 1952 Lemno
692 1890 821 1968 gestas,
855 1887 1129 1968 Argonautarum
1158 1886 1395 1954 lustrationem
1426 1890 1501 1971 post

320 2009 457 2076 caedem
480 2008 592 2092 Cyzici
615 2011 704 2092 regis
725 2013 761 2075 et
781 2010 926 2092 civium,
950 2027 1079 2077 moram
1102 2011 1136 2076 in
1160 2010 1349 2092 Bebrycum
1368 2013 1500 2096 regione
1597 2071 1598 2090 ,

319 2134 389 2200 iam
411 2134 520 2201 111111
541 2135 704 2211 tractavi,
730 2151 839 2215 neque
861 2133 1011 2217 pluribus
1032 2136 1145 2202 verbis
1166 2153 1250 2216 opus
1272 2138 1337 2202 est.
1371 2135 1499 2216 Laude,
1597 2141 1598 2166 l

321 2275 424 2339 quam
446 2259 541 2326 Thilo
562 2259 695 2342 (proleg.
719 2276 790 2340 cap.
816 2261 854 2334 1,
876 2276 950 2341 pag.
973 2257 1039 2344 XI)
1061 2258 1195 2327 Valerio
1217 2260 1374 2327 attribuit
1396 2259 1499 2342 „quod
1597 2299 1598 2354 l

320 2383 500 2449 materiam
522 2388 560 2449 et
581 2383 725 2449 electam
747 2387 827 2466 apte
850 2388 886 2449 et
908 2389 1106 2450 exornatam
1128 2383 1179 2450 ita
1201 2383 1440 2467 disposuisset,
1462 2386 1499 2448 ut

320 2506 470 2589 singulae
503 2506 634 2574 fabulae
667 2507 702 2573 in
735 2523 857 2588 corpus
883 2506 980 2589 quasi
1002 2507 1233 2590 redigerentur
1254 2509 1408 2591 partibus
1430 2505 1500 2574 suis

320 2631 508 2714 perfectum
544 2635 582 2696 et
615 2629 810 2714 expletum''
845 2631 1061 2714 Apollonium
1089 2632 1228 2714 dignum
1261 2648 1338 2698 esse
1372 2631 1498 2714 passim
1597 2613 1598 2664 7

317 2755 558 2822 demonstravi.

349 2880 590 2969 ,Bernhardius
622 2880 738 2947 laudat
765 2878 940 2948 Valerium
963 2883 1098 2962 propter
1123 2879 1294 2964 „kreftige
1317 2879 1498 2946 charakte

319 3001 444 3070 ristik'’
464 3022 530 3085 quo
540 3005 753 3086 Apollonium
764 3005 954 3087 superavit,
978 3003 1158 3070 ienffehus
1170 3007 1304 3086 propter
1319 3009 1498 3087 „groszere

318 3127 464 3210 Sorgfalt
486 3128 521 3194 in
544 3127 914 3210 Charakterzeichnuug
937 3127 1006 3194 und
1024 3124 1316 3196 Seelenmalerei'’.
1335 3128 1496 3194 Bemhar·
1597 3127 1598 3214 1

319 3252 412 3334 diue,
436 3253 508 3336 ipse
530 3269 597 3318 non
619 3253 669 3318 ita
689 3253 797 3319 multo
824 3257 900 3332 post
923 3251 1021 3318 dicit:
1052 3269 1090 3318 11
1111 3251 1228 3318 fesselt
1250 3251 1353 3318 durch
1376 3252 1496 3318 keinen

319 3377 539 3444 malerlschen
562 3378 651 3461 Zug,
670 3379 765 3444 nicht
785 3378 910 3444 einmal
929 3377 1032 3444 durch
1044 3377 1269 3459 gemothhohe
1281 3377 1496 3457 Schilderung

318 3504 378 3571 der
399 3505 525 3572 Medea
549 3503 744 3571 Lectorihus
766 3506 939 3585 praeterea
960 3501 996 3568 in
1019 3502 1217 3569 memoriam
1227 3502 1388 3568 revocabo
1399 3501 1497 3567 Vole-

318 3630 407 3695 rium
437 3645 491 3695 res
516 3629 551 3693 in
573 3626 684 3694 insula
705 3625 833 3693 Lemno
855 3631 970 3708 gestas
991 3625 1237 3692 describentem
1259 3623 1389 3708 omnia,
1413 3639 1495 3706 quae

316 3839 394 3898 nicht
422 3841 511 3910 irren,
541 3841 571 3898 in
598 3840 646 3898 der
671 3839 853 3910 Darstellung
872 3839 920 3897 der
938 3839 1076 3896 Personen
1096 3836 1266 3911 gldoklicher
1285 3852 1408 3910 genesen
1427 3835 1496 3903 sein,
1597 3873 1598 3882 r

317 3963 401 4005 wenn
430 3963 461 4005 er
489 3947 519 4005 in
545 3946 649 4004 seinem
669 3945 800 4004 Gediohte
819 3945 863 4004 die
883 3944 978 4003 Gotter
997 3943 1075 4003 mehr
1094 3943 1124 4000 in
1144 3943 1302 4016 Bewegung
1317 3943 1423 4016 gesetnt
1442 3938 1496 3999 und

316 4055 356 4114 sio
376 4055 407 4112 in
425 4055 469 4113 die
489 4054 596 4112 'Platon
616 4051 673 4111 und
691 4051 848 4110 Schicheale
857 4050 905 4110 der
914 4051 1093 4125 Argonauten
1109 4049 1209 4108 1111111
1218 4049 1398 4122 eingemischt
1407 4049 1495 4114 111111,
1597 4047 1598 4088 ἲ

315 4161 365 4220 wie
391 4177 422 4220 es
447 4160 498 4218 auf
515 4159 576 4218 eine
594 4159 785 4232 gehugendero
803 4157 897 4216 Weise
916 4173 969 4216 von
989 4157 1051 4215 dem
1070 4155 1234 4216 Rdmischen
1253 4157 1369 4215 Dichter
1387 4153 1495 4228 gescho-
1597 4155 1598 4232 ᾗ

315 4269 370 4328 hen
388 4269 434 4327 ist.
